<record><header><identifier>oai:alma.41SLSP_UGE:991000025479705502</identifier><datestamp>2024-10-05T00:10:39Z</datestamp><setSpec>uge_bcen_RapidILL_BOOK</setSpec><setSpec>uge_aaca_RapidILL_BOOK</setSpec><setSpec>uge_abels_RapidILL_BOOK</setSpec><setSpec>uge_dbu_RapidILL_BOOK</setSpec><setSpec>uge_cmu_RapidILL_BOOK</setSpec><setSpec>uge_mail_RapidILL_BOOK</setSpec><setSpec>uge_abbat_RapidILL_BOOK</setSpec><setSpec>UNIGE_ALL</setSpec><setSpec>uge_aobs_RapidILL_BOOK</setSpec><setSpec>uge_acar_RapidILL_BOOK</setSpec></header><metadata>
<record xmlns="http://www.loc.gov/MARC21/slim" xmlns:xsi="http://www.w3.org/2001/XMLSchema-instance" xsi:schemaLocation="http://www.loc.gov/MARC21/slim http://www.loc.gov/standards/marcxml/schema/MARC21slim.xsd"><leader>01459nam a2200385 c 4500</leader><controlfield tag="001">991000025479705502</controlfield><controlfield tag="005">20241004204740.0</controlfield><controlfield tag="008">201012s1993    sz ||||| |||| 00| ||fre d</controlfield><datafield ind1=" " ind2=" " tag="020"><subfield code="a">2940060010</subfield></datafield><datafield ind1=" " ind2=" " tag="035"><subfield code="a">(swissbib)233694447-41slsp_network</subfield></datafield><datafield ind1=" " ind2=" " tag="035"><subfield code="a">233694447</subfield><subfield code="9">ExL</subfield></datafield><datafield ind1=" " ind2=" " tag="035"><subfield code="a">(RERO)1759854-41slsp</subfield></datafield><datafield ind1=" " ind2=" " tag="035"><subfield code="a">(IDSBB)000955219DSV01</subfield></datafield><datafield ind1=" " ind2=" " tag="035"><subfield code="a">(EXLNZ-41SLSP_NETWORK)991133999389705501</subfield></datafield><datafield ind1=" " ind2=" " tag="040"><subfield code="a">RERO neubfl</subfield><subfield code="d">CH-ZuSLS</subfield></datafield><datafield ind1=" " ind2=" " tag="044"><subfield code="a">sz</subfield><subfield code="c">ch-ne</subfield></datafield><datafield ind1=" " ind2="7" tag="072"><subfield code="a">go</subfield><subfield code="2">rero</subfield></datafield><datafield ind1=" " ind2="7" tag="072"><subfield code="a">ur</subfield><subfield code="2">rero</subfield></datafield><datafield ind1=" " ind2="7" tag="072"><subfield code="a">gg</subfield><subfield code="2">SzZuIDS BS/BE</subfield></datafield><datafield ind1="1" ind2=" " tag="100"><subfield code="a">Rey, Fabienne</subfield><subfield code="0">(IDREF)078868718</subfield><subfield code="4">cre</subfield></datafield><datafield ind1="1" ind2="0" tag="245"><subfield code="a">Vie sociale, perceptions et pratiques de l'équipement collectif dans un grand ensemble</subfield><subfield code="b">le cas du Lignon (Genève)</subfield><subfield code="c">Fabienne Rey</subfield></datafield><datafield ind1=" " ind2="1" tag="264"><subfield code="a">Neuchâtel</subfield><subfield code="b">Université de Neuchâtel Institut de géographie</subfield><subfield code="c">1993</subfield></datafield><datafield ind1=" " ind2=" " tag="300"><subfield code="a">104, [60] p.</subfield><subfield code="b">ill.</subfield><subfield code="c">30 cm</subfield></datafield><datafield ind1=" " ind2=" " tag="336"><subfield code="b">txt</subfield><subfield code="2">rdacontent</subfield></datafield><datafield ind1=" " ind2=" " tag="337"><subfield code="b">n</subfield><subfield code="2">rdamedia</subfield></datafield><datafield ind1=" " ind2=" " tag="338"><subfield code="b">nc</subfield><subfield code="2">rdacarrier</subfield></datafield><datafield ind1="1" ind2=" " tag="490"><subfield code="a">Géo-regards</subfield><subfield code="v">no 27</subfield></datafield><datafield ind1=" " ind2=" " tag="500"><subfield code="a">Mémoire de licence Université de Neuchâtel Institut de géographie</subfield></datafield><datafield ind1=" " ind2=" " tag="502"><subfield code="a">Mém. de licence Institut de géographie Univ. Neuchâtel, 1992</subfield></datafield><datafield ind1=" " ind2=" " tag="504"><subfield code="a">Bibliogr.: p. 101-104</subfield></datafield><datafield ind1=" " ind2="7" tag="650"><subfield code="a">équipement collectif</subfield><subfield code="0">(RERO)A010079744</subfield><subfield code="2">rerovoc</subfield></datafield><datafield ind1=" " ind2="7" tag="651"><subfield code="a">Vernier (Suisse)</subfield><subfield code="x">Cité du Lignon</subfield><subfield code="0">(IDREF)19432611X</subfield><subfield code="2">idref</subfield></datafield><datafield ind1=" " ind2="7" tag="655"><subfield code="a">Hochschulschrift</subfield><subfield code="2">gnd-content</subfield></datafield><datafield ind1=" " ind2=" " tag="830"><subfield code="a">Géo-regards</subfield><subfield code="v">27</subfield><subfield code="w">(IDSBB)000726664DSV01</subfield></datafield><datafield ind1=" " ind2=" " tag="830"><subfield code="a">Géo-regards</subfield><subfield code="v">27</subfield><subfield code="w">(RERO)R003153142-41slsp</subfield></datafield><datafield ind1=" " ind2=" " tag="900"><subfield code="a">REROnoselfmerge</subfield></datafield></record>
</metadata></record>