<record><header><identifier>oai:alma.41SLSP_UGE:991000024969705502</identifier><datestamp>2023-04-02T02:33:20Z</datestamp><setSpec>uge_bcen_RapidILL_BOOK</setSpec><setSpec>uge_aaca_RapidILL_BOOK</setSpec><setSpec>uge_abels_RapidILL_BOOK</setSpec><setSpec>uge_dbu_RapidILL_BOOK</setSpec><setSpec>uge_cmu_RapidILL_BOOK</setSpec><setSpec>uge_mail_RapidILL_BOOK</setSpec><setSpec>UNIGE_ALL</setSpec><setSpec>uge_abbat_RapidILL_BOOK</setSpec><setSpec>uge_aobs_RapidILL_BOOK</setSpec><setSpec>uge_acar_RapidILL_BOOK</setSpec></header><metadata>
<record xmlns="http://www.loc.gov/MARC21/slim" xmlns:xsi="http://www.w3.org/2001/XMLSchema-instance" xsi:schemaLocation="http://www.loc.gov/MARC21/slim http://www.loc.gov/standards/marcxml/schema/MARC21slim.xsd"><leader>01239nam a2200313 c 4500</leader><controlfield tag="001">991000024969705502</controlfield><controlfield tag="005">20230401181419.0</controlfield><controlfield tag="008">010124s1999    au ||||| |||| 00| ||ger d</controlfield><datafield ind1=" " ind2=" " tag="020"><subfield code="a">3850430804</subfield></datafield><datafield ind1=" " ind2=" " tag="035"><subfield code="a">(swissbib)094763755-41slsp_network</subfield></datafield><datafield ind1=" " ind2=" " tag="035"><subfield code="a">094763755</subfield><subfield code="9">ExL</subfield></datafield><datafield ind1=" " ind2=" " tag="035"><subfield code="a">(RERO)R255629560-41slsp</subfield></datafield><datafield ind1=" " ind2=" " tag="035"><subfield code="a">(EXLNZ-41SLSP_NETWORK)991117847669705501</subfield></datafield><datafield ind1=" " ind2=" " tag="040"><subfield code="a">RERO geulsa</subfield><subfield code="d">CH-ZuSLS</subfield></datafield><datafield ind1=" " ind2="7" tag="072"><subfield code="a">or</subfield><subfield code="2">rero</subfield></datafield><datafield ind1="1" ind2=" " tag="100"><subfield code="a">Vittmann, Günter</subfield><subfield code="d">1952-....</subfield><subfield code="0">(IDREF)05247173X</subfield><subfield code="4">cre</subfield></datafield><datafield ind1="1" ind2="0" tag="245"><subfield code="a">Altägyptische Wegmetaphorik</subfield><subfield code="c">Günter Vittmann</subfield></datafield><datafield ind1=" " ind2="1" tag="264"><subfield code="a">Wien</subfield><subfield code="b">Afro-Pub</subfield><subfield code="c">1999</subfield></datafield><datafield ind1=" " ind2=" " tag="300"><subfield code="a">189 p.</subfield><subfield code="c">21 cm</subfield></datafield><datafield ind1=" " ind2=" " tag="336"><subfield code="b">txt</subfield><subfield code="2">rdacontent</subfield></datafield><datafield ind1=" " ind2=" " tag="337"><subfield code="b">n</subfield><subfield code="2">rdamedia</subfield></datafield><datafield ind1=" " ind2=" " tag="338"><subfield code="b">nc</subfield><subfield code="2">rdacarrier</subfield></datafield><datafield ind1="1" ind2=" " tag="490"><subfield code="a">Veröffentlichungen der Institute für Afrikanistik und Ägyptologie der Universität Wien</subfield><subfield code="v">83</subfield></datafield><datafield ind1="1" ind2=" " tag="490"><subfield code="a">Beiträge zur Ägyptologie</subfield><subfield code="v">Bd. 15</subfield></datafield><datafield ind1=" " ind2="7" tag="650"><subfield code="a">Égyptien ancien (langue)</subfield><subfield code="0">(IDREF)027276554</subfield><subfield code="2">idref</subfield></datafield><datafield ind1=" " ind2="7" tag="650"><subfield code="a">Métaphore</subfield><subfield code="0">(IDREF)027239411</subfield><subfield code="2">idref</subfield></datafield><datafield ind1=" " ind2="7" tag="650"><subfield code="a">Sentiers</subfield><subfield code="0">(IDREF)027675092</subfield><subfield code="2">idref</subfield></datafield><datafield ind1=" " ind2=" " tag="830"><subfield code="a">Beiträge zur Ägyptologie</subfield><subfield code="v">15</subfield><subfield code="w">(RERO)1321662-41slsp</subfield></datafield><datafield ind1=" " ind2=" " tag="830"><subfield code="a">Veröffentlichungen der Institute für Afrikanistik und Ägyptologie der Universität Wien</subfield><subfield code="v">83</subfield><subfield code="w">(RERO)1321653-41slsp</subfield></datafield><datafield ind1=" " ind2=" " tag="900"><subfield code="a">REROnoselfmerge</subfield></datafield></record>
</metadata></record>