<record><header><identifier>oai:alma.41SLSP_UGE:991000025179705502</identifier><datestamp>2024-03-30T01:14:34Z</datestamp><setSpec>uge_bcen_RapidILL_BOOK</setSpec><setSpec>uge_aaca_RapidILL_BOOK</setSpec><setSpec>uge_abels_RapidILL_BOOK</setSpec><setSpec>uge_dbu_RapidILL_BOOK</setSpec><setSpec>uge_cmu_RapidILL_BOOK</setSpec><setSpec>uge_mail_RapidILL_BOOK</setSpec><setSpec>uge_abbat_RapidILL_BOOK</setSpec><setSpec>UNIGE_ALL</setSpec><setSpec>uge_aobs_RapidILL_BOOK</setSpec><setSpec>uge_acar_RapidILL_BOOK</setSpec></header><metadata>
<record xmlns="http://www.loc.gov/MARC21/slim" xmlns:xsi="http://www.w3.org/2001/XMLSchema-instance" xsi:schemaLocation="http://www.loc.gov/MARC21/slim http://www.loc.gov/standards/marcxml/schema/MARC21slim.xsd"><leader>07861nam a2200913 c 4500</leader><controlfield tag="001">991000025179705502</controlfield><controlfield tag="005">20230619201516.0</controlfield><controlfield tag="008">201011s2015    xxk      b    001 0 eng| </controlfield><datafield ind1=" " ind2=" " tag="010"><subfield code="a">2015013723</subfield></datafield><datafield ind1=" " ind2=" " tag="015"><subfield code="a">GBB577025</subfield><subfield code="2">bnb</subfield></datafield><datafield ind1="7" ind2=" " tag="016"><subfield code="a">017397415</subfield><subfield code="2">Uk</subfield></datafield><datafield ind1=" " ind2=" " tag="020"><subfield code="a">9781107118744</subfield><subfield code="q">Hardback</subfield><subfield code="c">GBP 79.00</subfield></datafield><datafield ind1=" " ind2=" " tag="020"><subfield code="a">9781107544901</subfield><subfield code="q">pbk.</subfield><subfield code="c">£24.99</subfield></datafield><datafield ind1=" " ind2=" " tag="020"><subfield code="a">1107544904</subfield><subfield code="q">paperback</subfield></datafield><datafield ind1=" " ind2=" " tag="020"><subfield code="a">1107118743</subfield><subfield code="q">hardback</subfield></datafield><datafield ind1=" " ind2=" " tag="035"><subfield code="a">(swissbib)225755793-41slsp_network</subfield></datafield><datafield ind1=" " ind2=" " tag="035"><subfield code="a">225755793</subfield><subfield code="9">ExL</subfield></datafield><datafield ind1=" " ind2=" " tag="035"><subfield code="a">(IDSLU)001405538ILU01</subfield></datafield><datafield ind1=" " ind2=" " tag="035"><subfield code="a">(IDSSG)000859452HSB01</subfield></datafield><datafield ind1=" " ind2=" " tag="035"><subfield code="a">(IDSBB)006425991DSV01</subfield></datafield><datafield ind1=" " ind2=" " tag="035"><subfield code="a">(RERO)R008300905-41slsp</subfield></datafield><datafield ind1=" " ind2=" " tag="035"><subfield code="a">(NEBIS)010428775EBI01</subfield></datafield><datafield ind1=" " ind2=" " tag="035"><subfield code="a">(OCoLC)907133004</subfield><subfield code="z">(OCoLC)919000051</subfield></datafield><datafield ind1=" " ind2=" " tag="035"><subfield code="a">(ALEX)bv9925868276001791</subfield></datafield><datafield ind1=" " ind2=" " tag="035"><subfield code="a">(EXLNZ-41SLSP_NETWORK)991015778579705501</subfield></datafield><datafield ind1=" " ind2=" " tag="040"><subfield code="a">DLC</subfield><subfield code="b">ger</subfield><subfield code="e">rda</subfield><subfield code="d">CH-ZuSLS</subfield></datafield><datafield ind1="0" ind2=" " tag="041"><subfield code="a">eng</subfield></datafield><datafield ind1=" " ind2=" " tag="042"><subfield code="a">pcc</subfield></datafield><datafield ind1="0" ind2="0" tag="050"><subfield code="a">JN5</subfield><subfield code="b">.L45 2015</subfield></datafield><datafield ind1=" " ind2="7" tag="072"><subfield code="a">160</subfield><subfield code="2">IDS LU</subfield></datafield><datafield ind1=" " ind2="7" tag="072"><subfield code="a">po</subfield><subfield code="2">SzZuIDS BS/BE</subfield></datafield><datafield ind1=" " ind2="7" tag="072"><subfield code="a">sp</subfield><subfield code="2">rero</subfield></datafield><datafield ind1="0" ind2="0" tag="082"><subfield code="a">341.242/2</subfield><subfield code="2">23</subfield></datafield><datafield ind1="0" ind2="4" tag="082"><subfield code="a">320.9409051</subfield><subfield code="2">23</subfield></datafield><datafield ind1="1" ind2="4" tag="082"><subfield code="a">320</subfield><subfield code="2">15</subfield></datafield><datafield ind1="7" ind2="4" tag="082"><subfield code="a">320</subfield><subfield code="2">23sdnb</subfield></datafield><datafield ind1=" " ind2=" " tag="084"><subfield code="a">JE 1630 LEL</subfield><subfield code="2">uk-btusl</subfield></datafield><datafield ind1=" " ind2=" " tag="084"><subfield code="a">MK 5100</subfield><subfield code="2">rvk</subfield></datafield><datafield ind1=" " ind2=" " tag="084"><subfield code="a">POL040000</subfield><subfield code="2">bisacsh</subfield></datafield><datafield ind1="1" ind2=" " tag="100"><subfield code="a">Lelieveldt, Herman</subfield><subfield code="d">1967-</subfield><subfield code="6">880-01</subfield><subfield code="0">(DE-588)1014193214</subfield><subfield code="4">aut</subfield></datafield><datafield ind1="1" ind2=" " tag="880"><subfield code="6">100-01</subfield><subfield code="a">Lelieveldt, Herman</subfield><subfield code="d">1967-....</subfield><subfield code="0">(IDREF)152973664</subfield><subfield code="4">cre</subfield></datafield><datafield ind1="1" ind2="0" tag="245"><subfield code="a">&lt;&lt;The&gt;&gt; politics of the European Union</subfield><subfield code="c">Herman Lelieveldt and Sebastiaan Princen</subfield></datafield><datafield ind1=" " ind2=" " tag="250"><subfield code="a">Second edition</subfield></datafield><datafield ind1=" " ind2="1" tag="264"><subfield code="a">Cambridge, United Kingdom</subfield><subfield code="b">Cambridge University Press</subfield><subfield code="c">2015</subfield></datafield><datafield ind1=" " ind2=" " tag="300"><subfield code="a">xxvi, 315 Seiten</subfield><subfield code="b">Illustrationen</subfield></datafield><datafield ind1=" " ind2=" " tag="336"><subfield code="b">txt</subfield><subfield code="2">rdacontent</subfield></datafield><datafield ind1=" " ind2=" " tag="337"><subfield code="b">n</subfield><subfield code="2">rdamedia</subfield></datafield><datafield ind1=" " ind2=" " tag="338"><subfield code="b">nc</subfield><subfield code="2">rdacarrier</subfield></datafield><datafield ind1="0" ind2=" " tag="490"><subfield code="a">Cambridge textbooks in comparative politics</subfield></datafield><datafield ind1=" " ind2=" " tag="500"><subfield code="a">Previous edition: 2011</subfield></datafield><datafield ind1=" " ind2=" " tag="504"><subfield code="a">Bibliogr. et webliogr. en fin de chap. Index</subfield></datafield><datafield ind1=" " ind2=" " tag="504"><subfield code="a">Includes bibliographical references and index</subfield></datafield><datafield ind1="8" ind2=" " tag="520"><subfield code="a">La 4e de couverture indique : &quot;This introduction to the politics of the European Union uses the lens of comparative politics to explore the history, theories, institutions, key participants, policies and policy making of the EU. The comparative approach enables students to use their knowledge of domestic politics and broader debates in political science to better understand the EU. Numerous real-world examples guide students through the material, and chapter briefings, fact files and controversy boxes highlight important information and controversial issues in EU politics to widen and deepen student understanding. The second edition has been updated throughout to reflect the results of the 2014 European elections, and new material has been added on the Economic and Monetary Union and the Common Foreign and Security Policy. A companion website features free 'Navigating the EU' exercises to guide students in their analysis of EU policy making&quot;</subfield></datafield><datafield ind1="2" ind2="0" tag="610"><subfield code="a">European Union</subfield></datafield><datafield ind1="2" ind2="7" tag="610"><subfield code="a">Union européenne</subfield><subfield code="0">(IDREF)032486324</subfield><subfield code="2">idref</subfield></datafield><datafield ind1="2" ind2="7" tag="610"><subfield code="a">Europäische Union</subfield><subfield code="0">(DE-588)5098525-5</subfield><subfield code="2">gnd</subfield></datafield><datafield ind1=" " ind2="7" tag="650"><subfield code="a">Politik</subfield><subfield code="0">(DE-588)4046514-7</subfield><subfield code="2">gnd</subfield></datafield><datafield ind1=" " ind2="0" tag="650"><subfield code="a">Comparative government</subfield><subfield code="v">Textbooks</subfield></datafield><datafield ind1=" " ind2="7" tag="650"><subfield code="a">Pratiques politiques</subfield><subfield code="0">(IDREF)027266079</subfield><subfield code="2">idref</subfield></datafield><datafield ind1=" " ind2="7" tag="650"><subfield code="a">UE/CE Institutions et organes</subfield><subfield code="2">eclas</subfield></datafield><datafield ind1=" " ind2="7" tag="650"><subfield code="a">UE/CE Politique</subfield><subfield code="2">eclas</subfield></datafield><datafield ind1=" " ind2="7" tag="650"><subfield code="a">UE/CE Compétences institutionnelles</subfield><subfield code="2">eclas</subfield></datafield><datafield ind1=" " ind2="7" tag="650"><subfield code="a">Politisches System</subfield><subfield code="0">(DE-588)4046584-6</subfield><subfield code="2">gnd</subfield></datafield><datafield ind1=" " ind2="7" tag="650"><subfield code="a">Politische Entscheidung</subfield><subfield code="0">(DE-588)4046531-7</subfield><subfield code="2">gnd</subfield></datafield><datafield ind1=" " ind2="7" tag="650"><subfield code="a">POLITICAL SCIENCE / Government / General</subfield><subfield code="2">bisacsh</subfield></datafield><datafield ind1=" " ind2="0" tag="651"><subfield code="a">European Union countries</subfield><subfield code="x">Politics and government</subfield><subfield code="y">21st century</subfield></datafield><datafield ind1=" " ind2="0" tag="651"><subfield code="a">Europe</subfield><subfield code="x">Politics and government</subfield><subfield code="v">Textbooks</subfield></datafield><datafield ind1=" " ind2="0" tag="651"><subfield code="a">European Union countries</subfield><subfield code="x">Politics and government</subfield><subfield code="v">Textbooks</subfield></datafield><datafield ind1=" " ind2="7" tag="655"><subfield code="a">Manuels d'enseignement</subfield><subfield code="0">(IDREF)027446514</subfield><subfield code="2">idref</subfield></datafield><datafield ind1=" " ind2="7" tag="655"><subfield code="a">Lehrbuch</subfield><subfield code="2">gnd-content</subfield></datafield><datafield ind1=" " ind2=" " tag="690"><subfield code="a">EU; Regulierung; Geldpolitik; Verteilungspolitik; Agenda; Entscheidungsfindung; Gesetzgebungsverfahren; internationale Organisation; Entwicklung; europäische Integration; Internet; Europaparlament; Tabellenwerk</subfield><subfield code="2">idssg-J</subfield></datafield><datafield ind1=" " ind2=" " tag="690"><subfield code="a">Beratungsgremium; Länderabkürzung; Ausgabenpolitik; EU-Politik; Entscheidungsverfahren; Regulierungspolitik; Taktik; Interessengruppenmerkmal; Koordinierungsmethode; Politikgestaltung; Subsidiaritätsprüfung; Tatsache; Vertragsrevision; Vertragsverletzungsverfahren; Vertragsänderung; Berufungsinstanz; Demokratiedefizit; Durchführungsbestimmung; Konfliktdimension; Medienagenda; Mitgliedstaat; Neofunktionalismus; Politiknetzwerk; Rechtsinstrument; Rückschlag; Schlussfolgerunge; Verkehrsinfarkt</subfield><subfield code="2">idssg-J</subfield></datafield><datafield ind1=" " ind2=" " tag="690"><subfield code="a">europäische Partei; institutionelle Entwicklung; kurzer Überblick; 1950er Jahr; 1960er Jahr; 1970er Jahr; 1980er Jahr; 1990er Jahr; 2000er Jahr; analytische Institution; analytische Perspektive; anderes Entscheidungsverfahren; andere Type; beschränkender Dissens; besonderes Gesetzgebungsverfahren; dritte Lesung; enge Union; erste Lesung; europäisches Parlament; europäischer Rat; europäische Union; europäische Zentralbank; externe Quelle; formales Gesetz; grenzüberschreitende Frage; große Union; heutige Politik; historische Entwicklung; historischer Überblick; hohe Politik; ideologische Untermauerung; ideologischer Zusammenhalt; informeller Prozess; institutionelles Motiv; institutionelles Puzzle; institutioneller Rahmen; institutionelle Struktur; interinstitutionelle Dynamik; interne Quelle; kontrovers Xvi; nationales Gericht; negative Auswirkung; niedrige Politik; offene Koordinierung; offene Koordinierungsmethode; offene Methode; operative Regel; ordentliches Gesetzgebungsverfahren; permissiver Konsens; politische Agenda; politischer Akteur; politische Bedeutung; politische Einstellung; politische Entwicklung; politische Interessengruppe; politisches Motiv; politische Partei; politische Partizipation; politische Politik; politische Politikgestaltung; politisches System; positive Integration; praktische Umsetzung; qualifizierte Mehrheit; rechtliche Umsetzung; schrittweise Entwicklung; schwierige Vertragsrevision; supranational Governance; supranationale Institution; typisch EUAgenda; universalistisches Motiv; vergleichende Perspektive; vergleichende Politik; verschiedene Geschwindigkeit; verschiedener Kanal; verstärkte Zusammenarbeit; weitere Erweiterung; weiterführende Literatur; wichtiger Akteur; wirtschaftliche Aktivität; wirtschaftliches Motiv; wirtschaftspolitische Steuerung; zeitliche Koordinierung; zweite Ausgabe; zweite Lesung; öffentliche Agenda</subfield><subfield code="2">idssg-J</subfield></datafield><datafield ind1=" " ind2=" " tag="690"><subfield code="a">EU C4EU; Europa C4E; Großbritannien C4EUUK</subfield><subfield code="2">idssg-J</subfield></datafield><datafield ind1=" " ind2=" " tag="690"><subfield code="a">Bürger Interessengruppen; EUPolitik Agenda Setting Entscheidungsfindung; Einführung Erklären Integration NeoFunktionalismus; europäisch Parlament Powers Organisation; europäisch Rat Aufgaben Organisation; europäisch Union Zweite Ausgabe; europäisch Zentralbank Aufgaben Organisation; Gerichtshof Aufgaben Organisation; Governance Intergouvernementalismus Insights; HERMAN LELIEVELDT; Kommission Aufgaben Organisation; Multi LevelGovernance Vergleichende Politik; praktisch Umsetzung Erlass Politik; Rahmen Interessenvertretung Aufteilung; Rahmen Weiterführende Literatur Webseiten; Rat Aufgaben Organisation; Richtung Europäische Union; Sebastiaan Princen; weiterführend Literatur Webseiten Navigieren</subfield><subfield code="2">idssg-J</subfield></datafield><datafield ind1="1" ind2=" " tag="700"><subfield code="a">Princen, Sebastiaan</subfield><subfield code="d">1971-</subfield><subfield code="6">880-02</subfield><subfield code="0">(DE-588)132180901</subfield><subfield code="4">aut</subfield></datafield><datafield ind1="1" ind2=" " tag="880"><subfield code="6">700-02</subfield><subfield code="a">Princen, Sebastiaan</subfield><subfield code="c">juriste</subfield><subfield code="d">1971-....</subfield><subfield code="0">(IDREF)070945780</subfield></datafield><datafield ind1="4" ind2=" " tag="856"><subfield code="3">Titelblatt und Inhaltsverzeichnis</subfield><subfield code="u">https://toc.library.ethz.ch/objects/pdf03/z01_978-1-107-11874-4_01.pdf</subfield><subfield code="q">pdf</subfield></datafield><datafield ind1=" " ind2=" " tag="900"><subfield code="a">IDSZ2zbzmon201508f</subfield><subfield code="c">IDSZ2kobe</subfield><subfield code="d">IDSZ2zbzswk201508b</subfield><subfield code="e">IDSZ2brue</subfield></datafield><datafield ind1=" " ind2=" " tag="911"><subfield code="a">100</subfield><subfield code="a">Lelieveldt, Herman</subfield><subfield code="d">1967-</subfield></datafield><datafield ind1=" " ind2=" " tag="949"><subfield code="a">https://toc.library.ethz.ch/objects/pdf03/z01_978-1-107-11874-4_01.pdf</subfield></datafield><datafield ind1=" " ind2=" " tag="961"><subfield code="2">gsi</subfield><subfield code="a">339.923 UE</subfield><subfield code="9">LOCAL</subfield></datafield></record>
</metadata></record>