<record><header><identifier>oai:alma.41SLSP_UGE:991000025279705502</identifier><datestamp>2024-10-05T00:07:24Z</datestamp><setSpec>uge_bcen_RapidILL_BOOK</setSpec><setSpec>uge_aaca_RapidILL_BOOK</setSpec><setSpec>uge_abels_RapidILL_BOOK</setSpec><setSpec>uge_dbu_RapidILL_BOOK</setSpec><setSpec>uge_cmu_RapidILL_BOOK</setSpec><setSpec>uge_mail_RapidILL_BOOK</setSpec><setSpec>uge_abbat_RapidILL_BOOK</setSpec><setSpec>UNIGE_ALL</setSpec><setSpec>uge_acar_RapidILL_BOOK</setSpec><setSpec>uge_aobs_RapidILL_BOOK</setSpec></header><metadata>
<record xmlns="http://www.loc.gov/MARC21/slim" xmlns:xsi="http://www.w3.org/2001/XMLSchema-instance" xsi:schemaLocation="http://www.loc.gov/MARC21/slim http://www.loc.gov/standards/marcxml/schema/MARC21slim.xsd"><leader>02675nam a2200601 ca4500</leader><controlfield tag="001">991000025279705502</controlfield><controlfield tag="005">20241004082912.0</controlfield><controlfield tag="008">201012s1976    sz ||||| |||| 00| ||ger d</controlfield><datafield ind1=" " ind2=" " tag="035"><subfield code="a">(swissbib)240936493-41slsp_network</subfield></datafield><datafield ind1=" " ind2=" " tag="035"><subfield code="a">240936493</subfield><subfield code="9">ExL</subfield></datafield><datafield ind1=" " ind2=" " tag="035"><subfield code="a">(RERO)0496598-41slsp</subfield></datafield><datafield ind1=" " ind2=" " tag="035"><subfield code="a">(NEBIS)000270207EBI01</subfield></datafield><datafield ind1=" " ind2=" " tag="035"><subfield code="a">(NEBIS)011009932EBI01</subfield></datafield><datafield ind1=" " ind2=" " tag="035"><subfield code="a">(EXLNZ-41SLSP_NETWORK)991123928439705501</subfield></datafield><datafield ind1=" " ind2=" " tag="040"><subfield code="a">RERO</subfield><subfield code="d">CH-ZuSLS</subfield></datafield><datafield ind1="0" ind2=" " tag="041"><subfield code="a">ger</subfield><subfield code="a">roh</subfield></datafield><datafield ind1=" " ind2="7" tag="072"><subfield code="a">ro</subfield><subfield code="2">rero</subfield></datafield><datafield ind1="1" ind2=" " tag="080"><subfield code="a">(038)=599=30</subfield></datafield><datafield ind1="1" ind2=" " tag="100"><subfield code="6">880-01</subfield><subfield code="a">Bezzola, Reto R.</subfield><subfield code="d">1898-1983</subfield><subfield code="0">(DE-588)121777545</subfield></datafield><datafield ind1="1" ind2=" " tag="880"><subfield code="6">100-01</subfield><subfield code="a">Bezzola, Reto Raduolf</subfield><subfield code="d">1898-1983</subfield><subfield code="0">(IDREF)030178827</subfield><subfield code="4">cre</subfield></datafield><datafield ind1="1" ind2="0" tag="245"><subfield code="a">Dicziunari tudais-ch-rumantsch ladin</subfield><subfield code="b">= Deutsch-romanisches Wörterbuch Ladinisch</subfield><subfield code="c">da Reto R. Bezzola et Rud. O. Tönjachen</subfield></datafield><datafield ind1="1" ind2=" " tag="246"><subfield code="a">Deutsch-romanisches Wörterbuch Ladinisch</subfield></datafield><datafield ind1="1" ind2="1" tag="246"><subfield code="a">Deutsch-romanisches Wörterbuch</subfield></datafield><datafield ind1=" " ind2=" " tag="250"><subfield code="a">2. ediziun cun supplemaint</subfield><subfield code="b">2. Aufl. mit Nachtrag</subfield></datafield><datafield ind1=" " ind2="1" tag="264"><subfield code="a">[Cuoira]</subfield><subfield code="b">Lia Rumantscha</subfield><subfield code="c">1976</subfield></datafield><datafield ind1=" " ind2=" " tag="300"><subfield code="a">XXII, 1278 p.</subfield><subfield code="b">ill.</subfield><subfield code="c">24 cm</subfield></datafield><datafield ind1=" " ind2=" " tag="336"><subfield code="b">txt</subfield><subfield code="2">rdacontent</subfield></datafield><datafield ind1=" " ind2=" " tag="337"><subfield code="b">n</subfield><subfield code="2">rdamedia</subfield></datafield><datafield ind1=" " ind2=" " tag="338"><subfield code="b">nc</subfield><subfield code="2">rdacarrier</subfield></datafield><datafield ind1="1" ind2=" " tag="490"><subfield code="a">Dicziunaris retorumantschs</subfield></datafield><datafield ind1="0" ind2=" " tag="490"><subfield code="a">Rätoromanische Wörterbücher = Dicziunari retorumantschs</subfield></datafield><datafield ind1=" " ind2=" " tag="500"><subfield code="a">andere Ausgabe: Deutsch-romanisches Wörterbuch - ladinisch</subfield></datafield><datafield ind1=" " ind2=" " tag="500"><subfield code="a">andere Ausgabe: Dicziunari tudais-ch-rumantsch ladin</subfield></datafield><datafield ind1=" " ind2=" " tag="500"><subfield code="a">Dt. Paralleltitel: Deutsch-romanisches Wörterbuch ladinisch</subfield></datafield><datafield ind1=" " ind2="7" tag="650"><subfield code="a">Allemand (langue)</subfield><subfield code="0">(IDREF)027789829</subfield><subfield code="2">idref</subfield></datafield><datafield ind1=" " ind2="7" tag="650"><subfield code="a">Romanche (langue)</subfield><subfield code="0">(IDREF)027843483</subfield><subfield code="2">idref</subfield></datafield><datafield ind1=" " ind2="7" tag="650"><subfield code="a">Bündnerromanisch</subfield><subfield code="0">(DE-588)4120164-4</subfield><subfield code="2">gnd</subfield></datafield><datafield ind1=" " ind2="7" tag="650"><subfield code="a">Deutsch</subfield><subfield code="0">(DE-588)4113292-0</subfield><subfield code="2">gnd</subfield></datafield><datafield ind1=" " ind2="7" tag="650"><subfield code="a">Engadinisch</subfield><subfield code="0">(DE-588)4152246-1</subfield><subfield code="2">gnd</subfield></datafield><datafield ind1=" " ind2="7" tag="650"><subfield code="a">Ladinisch</subfield><subfield code="0">(DE-588)4120238-7</subfield><subfield code="2">gnd</subfield></datafield><datafield ind1=" " ind2="7" tag="650"><subfield code="a">Rätoromanisch</subfield><subfield code="0">(DE-588)4120321-5</subfield><subfield code="2">gnd</subfield></datafield><datafield ind1=" " ind2="7" tag="650"><subfield code="a">Wörterbuch</subfield><subfield code="0">(DE-588)4066724-8</subfield><subfield code="2">gnd</subfield></datafield><datafield ind1=" " ind2="0" tag="650"><subfield code="a">German language</subfield><subfield code="v">Dictionaries</subfield><subfield code="x">Raeto-Romance</subfield></datafield><datafield ind1=" " ind2="0" tag="650"><subfield code="a">Raeto-Romance language</subfield><subfield code="v">Dictionaries</subfield><subfield code="x">German</subfield></datafield><datafield ind1=" " ind2="7" tag="650"><subfield code="a">DEUTSCH (WÖRTERBÜCHER)</subfield><subfield code="9">ger</subfield><subfield code="0">(ETHUDK)000000005</subfield><subfield code="2">ethudk</subfield></datafield><datafield ind1=" " ind2="7" tag="650"><subfield code="a">LADINISCH (WÖRTERBÜCHER)</subfield><subfield code="9">ger</subfield><subfield code="0">(ETHUDK)000000024</subfield><subfield code="2">ethudk</subfield></datafield><datafield ind1=" " ind2="7" tag="650"><subfield code="a">MEHRSPRACHIGE WÖRTERBÜCHER</subfield><subfield code="9">ger</subfield><subfield code="0">(ETHUDK)000036250</subfield><subfield code="2">ethudk</subfield></datafield><datafield ind1=" " ind2="7" tag="655"><subfield code="a">Dictionnaires</subfield><subfield code="0">(IDREF)027232050</subfield><subfield code="2">idref</subfield></datafield><datafield ind1=" " ind2=" " tag="690"><subfield code="a">Rätoromanische Sprache / Wörterbücher</subfield><subfield code="2">uzb-Z9</subfield></datafield><datafield ind1="1" ind2=" " tag="700"><subfield code="6">880-02</subfield><subfield code="a">Tönjachen, Rudolf Olaf</subfield><subfield code="d">1896-1971</subfield><subfield code="0">(DE-588)115756755X</subfield></datafield><datafield ind1="1" ind2=" " tag="880"><subfield code="6">700-02</subfield><subfield code="a">Tönjachen, Rudolf Olaf</subfield><subfield code="0">(IDREF)172171172</subfield></datafield><datafield ind1=" " ind2="0" tag="830"><subfield code="a">Dicziunaris retorumantschs</subfield><subfield code="w">(RERO)0496584-41slsp</subfield></datafield><datafield ind1=" " ind2=" " tag="900"><subfield code="a">IDSERPHGRIMPORT</subfield></datafield><datafield ind1=" " ind2=" " tag="900"><subfield code="a">IDSERPHGR-PRIMO-INDEX</subfield></datafield><datafield ind1=" " ind2=" " tag="993"><subfield code="a">BFLA 1518</subfield><subfield code="x">ge/ulro/a/84/01/0069</subfield><subfield code="9">LOCAL</subfield></datafield></record>
</metadata></record>