<record><header><identifier>oai:alma.41SLSP_UGE:991000024759705502</identifier><datestamp>2023-04-06T00:11:31Z</datestamp><setSpec>uge_bcen_RapidILL_BOOK</setSpec><setSpec>uge_aaca_RapidILL_BOOK</setSpec><setSpec>uge_abels_RapidILL_BOOK</setSpec><setSpec>uge_dbu_RapidILL_BOOK</setSpec><setSpec>uge_cmu_RapidILL_BOOK</setSpec><setSpec>uge_mail_RapidILL_BOOK</setSpec><setSpec>uge_abbat_RapidILL_BOOK</setSpec><setSpec>UNIGE_ALL</setSpec><setSpec>uge_acar_RapidILL_BOOK</setSpec><setSpec>uge_aobs_RapidILL_BOOK</setSpec></header><metadata>
<record xmlns="http://www.loc.gov/MARC21/slim" xmlns:xsi="http://www.w3.org/2001/XMLSchema-instance" xsi:schemaLocation="http://www.loc.gov/MARC21/slim http://www.loc.gov/standards/marcxml/schema/MARC21slim.xsd"><leader>02511nam a2200721 c 4500</leader><controlfield tag="001">991000024759705502</controlfield><controlfield tag="005">20230405195010.0</controlfield><controlfield tag="008">201012s1993    xxk||||| |||| 00| ||eng d</controlfield><datafield ind1=" " ind2=" " tag="020"><subfield code="a">0745607225</subfield><subfield code="q">acidfree paper</subfield></datafield><datafield ind1="7" ind2=" " tag="024"><subfield code="a">http://catalogue.bnf.fr/ark:/12148/cb37406829d</subfield><subfield code="2">uri</subfield></datafield><datafield ind1=" " ind2=" " tag="035"><subfield code="a">(swissbib)234331119-41slsp_network</subfield></datafield><datafield ind1=" " ind2=" " tag="035"><subfield code="a">234331119</subfield><subfield code="9">ExL</subfield></datafield><datafield ind1=" " ind2=" " tag="035"><subfield code="a">(RERO)1658114-41slsp</subfield></datafield><datafield ind1=" " ind2=" " tag="035"><subfield code="a">(IDSBB)001048160DSV01</subfield></datafield><datafield ind1=" " ind2=" " tag="035"><subfield code="a">(NEBIS)001303330EBI01</subfield></datafield><datafield ind1=" " ind2=" " tag="035"><subfield code="a">(EXLNZ-41SLSP_NETWORK)991013854199705501</subfield></datafield><datafield ind1=" " ind2=" " tag="040"><subfield code="a">RERO geufpe</subfield><subfield code="d">CH-ZuSLS</subfield></datafield><datafield ind1=" " ind2="7" tag="072"><subfield code="a">ss</subfield><subfield code="2">rero</subfield></datafield><datafield ind1=" " ind2="7" tag="072"><subfield code="a">mm</subfield><subfield code="2">SzZuIDS BS/BE</subfield></datafield><datafield ind1="0" ind2="0" tag="082"><subfield code="a">302.23/45</subfield><subfield code="2">20</subfield></datafield><datafield ind1="0" ind2="4" tag="082"><subfield code="a">302.23 45</subfield><subfield code="2">20</subfield></datafield><datafield ind1="1" ind2="4" tag="082"><subfield code="a">302.234 5</subfield><subfield code="2">22</subfield></datafield><datafield ind1=" " ind2=" " tag="084"><subfield code="a">AP 14350</subfield><subfield code="2">rvk</subfield></datafield><datafield ind1=" " ind2=" " tag="084"><subfield code="a">AP 37700</subfield><subfield code="2">rvk</subfield></datafield><datafield ind1=" " ind2=" " tag="084"><subfield code="a">AP 37740</subfield><subfield code="2">rvk</subfield></datafield><datafield ind1=" " ind2=" " tag="084"><subfield code="a">MR 7100</subfield><subfield code="2">rvk</subfield></datafield><datafield ind1=" " ind2=" " tag="084"><subfield code="a">MS 7960</subfield><subfield code="2">rvk</subfield></datafield><datafield ind1="1" ind2=" " tag="100"><subfield code="a">Wilson, Tony</subfield><subfield code="d">1947-</subfield><subfield code="0">(DE-588)136311652</subfield><subfield code="6">880-01</subfield></datafield><datafield ind1="1" ind2=" " tag="880"><subfield code="a">Wilson, Tony</subfield><subfield code="0">(RERO)A003978961</subfield><subfield code="4">cre</subfield><subfield code="6">100-01</subfield></datafield><datafield ind1="1" ind2="0" tag="245"><subfield code="a">Watching television</subfield><subfield code="b">hermeneutics, reception and popular culture</subfield><subfield code="c">Tony Wilson</subfield></datafield><datafield ind1=" " ind2="1" tag="264"><subfield code="a">Cambridge</subfield><subfield code="b">Polity Press</subfield><subfield code="c">1993</subfield></datafield><datafield ind1=" " ind2=" " tag="300"><subfield code="a">IX, 230 p.</subfield><subfield code="b">ill.</subfield><subfield code="c">24 cm</subfield></datafield><datafield ind1=" " ind2=" " tag="336"><subfield code="b">txt</subfield><subfield code="2">rdacontent</subfield></datafield><datafield ind1=" " ind2=" " tag="337"><subfield code="b">n</subfield><subfield code="2">rdamedia</subfield></datafield><datafield ind1=" " ind2=" " tag="338"><subfield code="b">nc</subfield><subfield code="2">rdacarrier</subfield></datafield><datafield ind1=" " ind2=" " tag="504"><subfield code="a">Includes bibliographical references (p. [210]-222) and index</subfield></datafield><datafield ind1=" " ind2="7" tag="650"><subfield code="a">Télévision</subfield><subfield code="0">(IDREF)02725366X</subfield><subfield code="2">idref</subfield></datafield><datafield ind1=" " ind2="7" tag="650"><subfield code="a">Herméneutique</subfield><subfield code="0">(IDREF)027233707</subfield><subfield code="2">idref</subfield></datafield><datafield ind1=" " ind2="7" tag="650"><subfield code="a">télévision - influence exercée</subfield><subfield code="0">(RERO)A010156826</subfield><subfield code="2">rerovoc</subfield></datafield><datafield ind1=" " ind2="7" tag="650"><subfield code="a">Psychologie</subfield><subfield code="0">(IDREF)027346900</subfield><subfield code="2">idref</subfield></datafield><datafield ind1=" " ind2="7" tag="650"><subfield code="a">Enfants</subfield><subfield code="0">(IDREF)027233278</subfield><subfield code="2">idref</subfield></datafield><datafield ind1=" " ind2="7" tag="650"><subfield code="a">Téléspectateurs</subfield><subfield code="0">(IDREF)027262995</subfield><subfield code="2">idref</subfield></datafield><datafield ind1=" " ind2="7" tag="650"><subfield code="a">Fernsehen</subfield><subfield code="2">idszbz</subfield></datafield><datafield ind1=" " ind2="7" tag="650"><subfield code="a">Fernsehprogramm</subfield><subfield code="2">idszbz</subfield></datafield><datafield ind1=" " ind2="7" tag="650"><subfield code="a">Medienkonsum</subfield><subfield code="2">idszbz</subfield></datafield><datafield ind1=" " ind2="7" tag="650"><subfield code="a">Publikum</subfield><subfield code="2">idszbz</subfield></datafield><datafield ind1=" " ind2="7" tag="650"><subfield code="a">Fernsehen</subfield><subfield code="0">(DE-588)4016825-6</subfield><subfield code="2">gnd</subfield></datafield><datafield ind1=" " ind2="7" tag="650"><subfield code="a">Fernsehforschung</subfield><subfield code="0">(DE-588)4154055-4</subfield><subfield code="2">gnd</subfield></datafield><datafield ind1=" " ind2="7" tag="650"><subfield code="a">Fernsehwirkung</subfield><subfield code="0">(DE-588)4016851-7</subfield><subfield code="2">gnd</subfield></datafield><datafield ind1=" " ind2="7" tag="650"><subfield code="a">Publikum</subfield><subfield code="0">(DE-588)4047764-2</subfield><subfield code="2">gnd</subfield></datafield><datafield ind1=" " ind2="0" tag="650"><subfield code="a">Television programs</subfield><subfield code="x">Evaluation</subfield></datafield><datafield ind1=" " ind2="0" tag="650"><subfield code="a">Television viewers</subfield></datafield><datafield ind1=" " ind2="0" tag="650"><subfield code="a">Television viewers</subfield><subfield code="x">Attitudes</subfield></datafield><datafield ind1=" " ind2="0" tag="650"><subfield code="a">Television viewers</subfield><subfield code="x">Hermeneutics</subfield></datafield><datafield ind1=" " ind2="0" tag="650"><subfield code="a">Television</subfield><subfield code="x">Hermeneutics</subfield></datafield><datafield ind1=" " ind2="0" tag="650"><subfield code="a">Television</subfield><subfield code="x">Social aspects</subfield></datafield><datafield ind1=" " ind2=" " tag="690"><subfield code="a">Fernsehen.</subfield><subfield code="2">uzb-UO</subfield></datafield><datafield ind1=" " ind2=" " tag="690"><subfield code="a">Zuschauer</subfield><subfield code="2">uzb-UO</subfield></datafield><datafield ind1=" " ind2=" " tag="690"><subfield code="a">Medienwirkungen</subfield><subfield code="2">uzb-UO</subfield></datafield><datafield ind1=" " ind2=" " tag="690"><subfield code="a">Populärkultur</subfield><subfield code="2">uzb-UO</subfield></datafield><datafield ind1=" " ind2=" " tag="690"><subfield code="a">Identität</subfield><subfield code="2">uzb-UO</subfield></datafield><datafield ind1=" " ind2=" " tag="690"><subfield code="a">Hermeneutik</subfield><subfield code="2">uzb-UO</subfield></datafield><datafield ind1=" " ind2=" " tag="690"><subfield code="a">Bestand: Bibliothek</subfield><subfield code="2">uzb-UO</subfield></datafield><datafield ind1=" " ind2=" " tag="900"><subfield code="a">REROnoselfmerge</subfield></datafield></record>
</metadata></record>