<record><header><identifier>oai:alma.41SLSP_UGE:991000025069705502</identifier><datestamp>2024-05-03T00:52:48Z</datestamp><setSpec>uge_bcen_RapidILL_BOOK</setSpec><setSpec>uge_aaca_RapidILL_BOOK</setSpec><setSpec>uge_abels_RapidILL_BOOK</setSpec><setSpec>uge_dbu_RapidILL_BOOK</setSpec><setSpec>uge_cmu_RapidILL_BOOK</setSpec><setSpec>uge_mail_RapidILL_BOOK</setSpec><setSpec>uge_abbat_RapidILL_BOOK</setSpec><setSpec>UNIGE_ALL</setSpec><setSpec>uge_acar_RapidILL_BOOK</setSpec><setSpec>uge_aobs_RapidILL_BOOK</setSpec></header><metadata>
<record xmlns="http://www.loc.gov/MARC21/slim" xmlns:xsi="http://www.w3.org/2001/XMLSchema-instance" xsi:schemaLocation="http://www.loc.gov/MARC21/slim http://www.loc.gov/standards/marcxml/schema/MARC21slim.xsd"><leader>01680nam a2200409 c 4500</leader><controlfield tag="001">991000025069705502</controlfield><controlfield tag="005">20230204202705.0</controlfield><controlfield tag="008">201011s1971    fr ||||| |||| 00| ||fre d</controlfield><datafield ind1=" " ind2=" " tag="035"><subfield code="a">(swissbib)21843054X-41slsp_network</subfield></datafield><datafield ind1=" " ind2=" " tag="035"><subfield code="a">21843054X</subfield><subfield code="9">ExL</subfield></datafield><datafield ind1=" " ind2=" " tag="035"><subfield code="a">(RERO)0715036-41slsp</subfield></datafield><datafield ind1=" " ind2=" " tag="035"><subfield code="a">(NEBIS)005181335EBI01</subfield></datafield><datafield ind1=" " ind2=" " tag="035"><subfield code="a">(EXLNZ-41SLSP_NETWORK)991039189359705501</subfield></datafield><datafield ind1=" " ind2=" " tag="040"><subfield code="a">RERO labcud</subfield><subfield code="d">CH-ZuSLS</subfield></datafield><datafield ind1="1" ind2=" " tag="041"><subfield code="a">fre</subfield><subfield code="h">ger</subfield></datafield><datafield ind1=" " ind2="7" tag="072"><subfield code="a">so</subfield><subfield code="2">rero</subfield></datafield><datafield ind1=" " ind2="7" tag="072"><subfield code="a">th</subfield><subfield code="2">rero</subfield></datafield><datafield ind1="1" ind2=" " tag="100"><subfield code="6">880-01</subfield><subfield code="a">Weber, Max</subfield><subfield code="d">1864-1920</subfield><subfield code="0">(IDREF)027194035</subfield><subfield code="4">aut</subfield></datafield><datafield ind1="1" ind2=" " tag="880"><subfield code="a">Weber, Max</subfield><subfield code="d">1864-1920</subfield><subfield code="6">100-01</subfield><subfield code="0">(DE-588)118629743</subfield><subfield code="4">aut</subfield></datafield><datafield ind1="1" ind2="0" tag="245"><subfield code="a">&lt;&lt;Le&gt;&gt; judaïsme antique</subfield><subfield code="c">Max Weber ; trad. de l'allemand par Freddy Raphäel</subfield></datafield><datafield ind1=" " ind2="1" tag="264"><subfield code="a">Paris</subfield><subfield code="b">Plon</subfield><subfield code="c">1971</subfield></datafield><datafield ind1=" " ind2=" " tag="300"><subfield code="a">615 p.</subfield><subfield code="c">21 cm</subfield></datafield><datafield ind1=" " ind2=" " tag="336"><subfield code="b">txt</subfield><subfield code="2">rdacontent</subfield></datafield><datafield ind1=" " ind2=" " tag="337"><subfield code="b">n</subfield><subfield code="2">rdamedia</subfield></datafield><datafield ind1=" " ind2=" " tag="338"><subfield code="b">nc</subfield><subfield code="2">rdacarrier</subfield></datafield><datafield ind1="1" ind2=" " tag="490"><subfield code="a">Recherches en sciences humaines</subfield><subfield code="v">31</subfield></datafield><datafield ind1="1" ind2=" " tag="490"><subfield code="a">Etudes de sociologie de la religion / Max Weber</subfield><subfield code="v">t. 3</subfield></datafield><datafield ind1=" " ind2=" " tag="500"><subfield code="a">Trad. du Bd. 3 de: Gesammelte Aufsätze zur Religionssoziologie</subfield></datafield><datafield ind1=" " ind2=" " tag="500"><subfield code="a">Originaltitel: Das antike Judentum</subfield></datafield><datafield ind1=" " ind2=" " tag="500"><subfield code="a">Trad de : Gesammelte Aufsätze zur Religionssoziologie, Band III</subfield></datafield><datafield ind1=" " ind2="7" tag="650"><subfield code="a">Judaïsme</subfield><subfield code="0">(IDREF)027266907</subfield><subfield code="2">idref</subfield></datafield><datafield ind1=" " ind2="7" tag="650"><subfield code="a">Antiquité</subfield><subfield code="0">(IDREF)027789888</subfield><subfield code="2">idref</subfield></datafield><datafield ind1="1" ind2=" " tag="700"><subfield code="a">Raphaël, Freddy</subfield><subfield code="d">1936-....</subfield><subfield code="0">(IDREF)027089908</subfield><subfield code="4">trl</subfield></datafield><datafield ind1=" " ind2=" " tag="830"><subfield code="a">Études de sociologie de la religion</subfield><subfield code="v">3</subfield><subfield code="w">(NEBIS)005181333EBI01</subfield></datafield><datafield ind1=" " ind2=" " tag="830"><subfield code="a">Recherches en sciences humaines</subfield><subfield code="p">Plon</subfield><subfield code="v">31</subfield><subfield code="w">(RERO)0009538-41slsp</subfield></datafield><datafield ind1="1" ind2=" " tag="800"><subfield code="a">Weber, Max</subfield><subfield code="d">1864-1920</subfield><subfield code="t">Études de sociologie de la religion</subfield><subfield code="v">3</subfield><subfield code="w">(RERO)0457882-41slsp</subfield></datafield><datafield ind1=" " ind2=" " tag="830"><subfield code="a">Recherches en sciences humaines</subfield><subfield code="v">31</subfield><subfield code="w">(NEBIS)001469284EBI01</subfield></datafield><datafield ind1=" " ind2=" " tag="900"><subfield code="a">REROnoselfmerge</subfield></datafield></record>
</metadata></record>