<record><header><identifier>oai:alma.41SLSP_UGE:991000024959705502</identifier><datestamp>2023-06-30T00:17:54Z</datestamp><setSpec>uge_bcen_RapidILL_BOOK</setSpec><setSpec>uge_aaca_RapidILL_BOOK</setSpec><setSpec>uge_abels_RapidILL_BOOK</setSpec><setSpec>uge_dbu_RapidILL_BOOK</setSpec><setSpec>uge_cmu_RapidILL_BOOK</setSpec><setSpec>uge_mail_RapidILL_BOOK</setSpec><setSpec>uge_abbat_RapidILL_BOOK</setSpec><setSpec>UNIGE_ALL</setSpec><setSpec>uge_acar_RapidILL_BOOK</setSpec><setSpec>uge_aobs_RapidILL_BOOK</setSpec></header><metadata>
<record xmlns="http://www.loc.gov/MARC21/slim" xmlns:xsi="http://www.w3.org/2001/XMLSchema-instance" xsi:schemaLocation="http://www.loc.gov/MARC21/slim http://www.loc.gov/standards/marcxml/schema/MARC21slim.xsd"><leader>03161nam a2200649 c 4500</leader><controlfield tag="001">991000024959705502</controlfield><controlfield tag="005">20230629194224.0</controlfield><controlfield tag="008">201011s1998    gw ||||| |||| 00| ||ger d</controlfield><datafield ind1=" " ind2=" " tag="020"><subfield code="a">3805909004</subfield></datafield><datafield ind1=" " ind2=" " tag="035"><subfield code="a">(swissbib)23201731X-41slsp_network</subfield></datafield><datafield ind1=" " ind2=" " tag="035"><subfield code="a">23201731X</subfield><subfield code="9">ExL</subfield></datafield><datafield ind1=" " ind2=" " tag="035"><subfield code="a">(RERO)R235429260-41slsp</subfield></datafield><datafield ind1=" " ind2=" " tag="035"><subfield code="a">(IDSBB)001541317DSV01</subfield></datafield><datafield ind1=" " ind2=" " tag="035"><subfield code="a">(NEBIS)001943192EBI01</subfield></datafield><datafield ind1=" " ind2=" " tag="035"><subfield code="a">(IDSSG)000168735HSB01</subfield></datafield><datafield ind1=" " ind2=" " tag="035"><subfield code="a">(EXLNZ-41SLSP_NETWORK)991036768639705501</subfield></datafield><datafield ind1=" " ind2=" " tag="040"><subfield code="a">RERO laisdc</subfield><subfield code="d">CH-ZuSLS</subfield></datafield><datafield ind1=" " ind2="7" tag="072"><subfield code="a">dr</subfield><subfield code="2">rero</subfield></datafield><datafield ind1=" " ind2="7" tag="072"><subfield code="a">rw</subfield><subfield code="2">SzZuIDS BS/BE</subfield></datafield><datafield ind1="1" ind2="4" tag="082"><subfield code="a">340</subfield><subfield code="2">15</subfield></datafield><datafield ind1=" " ind2=" " tag="084"><subfield code="a">CA/D 63 b</subfield><subfield code="2">cjurrom</subfield></datafield><datafield ind1=" " ind2=" " tag="084"><subfield code="a">PD 2200</subfield><subfield code="2">rvk</subfield></datafield><datafield ind1="1" ind2=" " tag="100"><subfield code="a">Oechsler, Jürgen</subfield><subfield code="6">880-01</subfield></datafield><datafield ind1="1" ind2=" " tag="880"><subfield code="6">100-01</subfield><subfield code="a">Oechsler, Jürgen</subfield><subfield code="d">1965-....</subfield><subfield code="0">(IDREF)175099146</subfield></datafield><datafield ind1="1" ind2=" " tag="880"><subfield code="a">Oechsler, Jürgen</subfield><subfield code="d">1963-</subfield><subfield code="0">(DE-588)113145896</subfield><subfield code="6">100-01</subfield></datafield><datafield ind1="1" ind2="0" tag="245"><subfield code="a">§§ 826-829; Produkthaftungsgesetz</subfield><subfield code="c">Red. Norbert Horn</subfield></datafield><datafield ind1="1" ind2=" " tag="246"><subfield code="a">[Par.] 826-829; Produkthaftungsgesetz</subfield></datafield><datafield ind1=" " ind2=" " tag="250"><subfield code="a">13. Bearb.</subfield><subfield code="b">von Jürgen Oechsler ; Redaktor: Norbert Horn</subfield></datafield><datafield ind1=" " ind2="1" tag="264"><subfield code="a">Berlin</subfield><subfield code="b">Sellier-de Gruyter</subfield><subfield code="c">1998</subfield></datafield><datafield ind1=" " ind2=" " tag="300"><subfield code="a">504 S.</subfield><subfield code="c">25 cm</subfield></datafield><datafield ind1=" " ind2=" " tag="336"><subfield code="b">txt</subfield><subfield code="2">rdacontent</subfield></datafield><datafield ind1=" " ind2=" " tag="337"><subfield code="b">n</subfield><subfield code="2">rdamedia</subfield></datafield><datafield ind1=" " ind2=" " tag="338"><subfield code="b">nc</subfield><subfield code="2">rdacarrier</subfield></datafield><datafield ind1="1" ind2=" " tag="490"><subfield code="a">J. von Staudingers Kommentar zum Bürgerlichen Gesetzbuch mit Einführungsgesetz und Nebengesetzen</subfield><subfield code="v">Buch 2.</subfield><subfield code="a">Recht der Schuldverhältnisse</subfield><subfield code="v">826-829</subfield></datafield><datafield ind1="1" ind2=" " tag="490"><subfield code="a">Recht der Schuldverhältnisse</subfield><subfield code="v">Par. 826-829</subfield></datafield><datafield ind1="1" ind2=" " tag="490"><subfield code="a">J. von Staudingers Kommentar zum Bürgerlichen Gesetzbuch. Buch 2: Recht der Schuldverhältnisse</subfield></datafield><datafield ind1="1" ind2=" " tag="490"><subfield code="a">J. von Staudingers Kommentar zum Bürgerlichen Gesetzbuch</subfield><subfield code="v">2. Buch, Par. 826-829</subfield></datafield><datafield ind1=" " ind2=" " tag="500"><subfield code="a">Rückentitel: §§ 826-829, ProdHaftG</subfield></datafield><datafield ind1=" " ind2=" " tag="504"><subfield code="a">Literaturangaben</subfield></datafield><datafield ind1="1" ind2="7" tag="610"><subfield code="a">Deutschland</subfield><subfield code="t">Produkthaftungsgesetz</subfield><subfield code="0">(DE-588)4207350-9</subfield><subfield code="2">gnd</subfield></datafield><datafield ind1=" " ind2="7" tag="650"><subfield code="a">Obligationenrecht</subfield><subfield code="9">ger</subfield><subfield code="0">(RERO)jurivoc000016243ger</subfield><subfield code="2">jurivoc</subfield></datafield><datafield ind1=" " ind2="7" tag="650"><subfield code="a">Haftung aus unerlaubter Handlung</subfield><subfield code="9">ger</subfield><subfield code="0">(RERO)jurivoc000010690ger</subfield><subfield code="2">jurivoc</subfield></datafield><datafield ind1=" " ind2="7" tag="650"><subfield code="a">Produktehaftung</subfield><subfield code="9">ger</subfield><subfield code="0">(RERO)jurivoc000017733ger</subfield><subfield code="2">jurivoc</subfield></datafield><datafield ind1=" " ind2="7" tag="650"><subfield code="a">Internationales Sachenrecht</subfield><subfield code="0">(DE-588)4162098-7</subfield><subfield code="2">gnd</subfield></datafield><datafield ind1=" " ind2="7" tag="650"><subfield code="a">Kommentar</subfield><subfield code="0">(DE-588)4136710-8</subfield><subfield code="2">gnd</subfield></datafield><datafield ind1=" " ind2="7" tag="650"><subfield code="a">Umwelthaftung</subfield><subfield code="0">(DE-588)4236015-8</subfield><subfield code="2">gnd</subfield></datafield><datafield ind1=" " ind2="7" tag="651"><subfield code="a">Deutschland</subfield><subfield code="9">ger</subfield><subfield code="0">(RERO)jurivoc000005510ger</subfield><subfield code="2">jurivoc</subfield></datafield><datafield ind1=" " ind2="7" tag="651"><subfield code="a">Deutschland</subfield><subfield code="0">(DE-588)4011882-4</subfield><subfield code="2">gnd</subfield></datafield><datafield ind1=" " ind2="7" tag="655"><subfield code="a">Textreproduktion</subfield><subfield code="9">ger</subfield><subfield code="2">jurivoc</subfield><subfield code="0">(RERO)jurivoc000022433ger</subfield></datafield><datafield ind1=" " ind2="7" tag="655"><subfield code="a">Kommentar(Werk)</subfield><subfield code="9">ger</subfield><subfield code="2">jurivoc</subfield><subfield code="0">(RERO)jurivoc000013038ger</subfield></datafield><datafield ind1=" " ind2="7" tag="655"><subfield code="a">Kommentar</subfield><subfield code="2">gnd-content</subfield></datafield><datafield ind1="1" ind2=" " tag="700"><subfield code="a">Horn, Norbert</subfield><subfield code="d">1936-2023</subfield><subfield code="0">(DE-588)132374994</subfield><subfield code="6">880-02</subfield></datafield><datafield ind1="1" ind2=" " tag="880"><subfield code="6">700-02</subfield><subfield code="a">Horn, Norbert</subfield><subfield code="d">1936-....</subfield><subfield code="0">(IDREF)031565042</subfield></datafield><datafield ind1=" " ind2="0" tag="830"><subfield code="a">Recht der Schuldverhältnisse</subfield><subfield code="v">826-829</subfield><subfield code="w">(IDSSG)000065496HSB01</subfield></datafield><datafield ind1="1" ind2=" " tag="800"><subfield code="a">Staudinger, Julius &lt;&lt;von&gt;&gt;</subfield><subfield code="d">1836-1902</subfield><subfield code="t">Kommentar zum Bürgerlichen Gesetzbuch</subfield><subfield code="v">2/826-829</subfield><subfield code="w">(IDSBB)000954543DSV01</subfield></datafield><datafield ind1=" " ind2="0" tag="830"><subfield code="a">Recht der Schuldverhältnisse</subfield><subfield code="v">826-829</subfield><subfield code="w">(IDSBB)001021247DSV01</subfield></datafield><datafield ind1=" " ind2="0" tag="830"><subfield code="a">Recht der Schuldverhältnisse</subfield><subfield code="w">(NEBIS)001390889EBI01</subfield></datafield><datafield ind1=" " ind2="0" tag="830"><subfield code="a">J. von Staudingers Kommentar zum Bürgerlichen Gesetzbuch mit Einführungsgesetz und Nebengesetzen</subfield><subfield code="v">2/826-829</subfield><subfield code="w">(RERO)R006369924-41slsp</subfield></datafield></record>
</metadata></record>