<record><header><identifier>oai:alma.41SLSP_UGE:991000025499705502</identifier><datestamp>2023-03-01T01:09:01Z</datestamp><setSpec>uge_bcen_RapidILL_BOOK</setSpec><setSpec>uge_aaca_RapidILL_BOOK</setSpec><setSpec>uge_abels_RapidILL_BOOK</setSpec><setSpec>uge_dbu_RapidILL_BOOK</setSpec><setSpec>uge_cmu_RapidILL_BOOK</setSpec><setSpec>uge_mail_RapidILL_BOOK</setSpec><setSpec>UNIGE_ALL</setSpec><setSpec>uge_abbat_RapidILL_BOOK</setSpec><setSpec>uge_acar_RapidILL_BOOK</setSpec><setSpec>uge_aobs_RapidILL_BOOK</setSpec></header><metadata>
<record xmlns="http://www.loc.gov/MARC21/slim" xmlns:xsi="http://www.w3.org/2001/XMLSchema-instance" xsi:schemaLocation="http://www.loc.gov/MARC21/slim http://www.loc.gov/standards/marcxml/schema/MARC21slim.xsd"><leader>01756nam a2200409 c 4500</leader><controlfield tag="001">991000025499705502</controlfield><controlfield tag="005">20230224175345.0</controlfield><controlfield tag="008">201011s2009    fr ||||| |||| 00| ||fre d</controlfield><datafield ind1=" " ind2=" " tag="020"><subfield code="a">9782914968539</subfield></datafield><datafield ind1="7" ind2=" " tag="024"><subfield code="a">http://catalogue.bnf.fr/ark:/12148/cb420549278</subfield><subfield code="2">uri</subfield></datafield><datafield ind1=" " ind2=" " tag="035"><subfield code="a">(swissbib)230219039-41slsp_network</subfield></datafield><datafield ind1=" " ind2=" " tag="035"><subfield code="a">230219039</subfield><subfield code="9">ExL</subfield></datafield><datafield ind1=" " ind2=" " tag="035"><subfield code="a">(RERO)R005106681-41slsp</subfield></datafield><datafield ind1=" " ind2=" " tag="035"><subfield code="a">(IDSBB)004920965DSV01</subfield></datafield><datafield ind1=" " ind2=" " tag="035"><subfield code="a">(EXLNZ-41SLSP_NETWORK)991002931599705501</subfield></datafield><datafield ind1=" " ind2=" " tag="040"><subfield code="a">RERO laciob</subfield><subfield code="d">CH-ZuSLS</subfield></datafield><datafield ind1=" " ind2="7" tag="072"><subfield code="a">td</subfield><subfield code="2">rero</subfield></datafield><datafield ind1="1" ind2=" " tag="100"><subfield code="a">Oblin, Nicolas</subfield><subfield code="d">1977-....</subfield><subfield code="0">(IDREF)067301290</subfield><subfield code="4">cre</subfield></datafield><datafield ind1="1" ind2="0" tag="245"><subfield code="a">Sport et capitalisme de l'esprit</subfield><subfield code="b">sociologie politique de l'institution sportive</subfield><subfield code="c">Nicolas Oblin</subfield></datafield><datafield ind1=" " ind2="1" tag="264"><subfield code="a">Bellecombe-en-Bauges</subfield><subfield code="b">Ed. du Croquant</subfield><subfield code="c">2009</subfield></datafield><datafield ind1=" " ind2=" " tag="300"><subfield code="a">233 pages</subfield></datafield><datafield ind1=" " ind2=" " tag="336"><subfield code="b">txt</subfield><subfield code="2">rdacontent</subfield></datafield><datafield ind1=" " ind2=" " tag="337"><subfield code="b">n</subfield><subfield code="2">rdamedia</subfield></datafield><datafield ind1=" " ind2=" " tag="338"><subfield code="b">nc</subfield><subfield code="2">rdacarrier</subfield></datafield><datafield ind1="0" ind2=" " tag="490"><subfield code="a">Altérations</subfield></datafield><datafield ind1=" " ind2=" " tag="504"><subfield code="a">Bibliographie</subfield></datafield><datafield ind1=" " ind2=" " tag="520"><subfield code="a">L'auteur montre que la production sportive et sa violence participent à l'esthétisation des rapports de pouvoir et de domination et donc de la réalité politique. Il analyse ainsi la corporéité ou l'événementialité sportives ou même les relations entre le sport et le management.</subfield></datafield><datafield ind1=" " ind2="7" tag="650"><subfield code="a">Sports</subfield><subfield code="0">(IDREF)027654702</subfield><subfield code="2">idref</subfield></datafield><datafield ind1=" " ind2="7" tag="650"><subfield code="a">Capitalisme</subfield><subfield code="0">(IDREF)027285332</subfield><subfield code="2">idref</subfield></datafield><datafield ind1=" " ind2="7" tag="650"><subfield code="a">Sociologie politique</subfield><subfield code="0">(IDREF)027263312</subfield><subfield code="2">idref</subfield></datafield><datafield ind1=" " ind2="7" tag="650"><subfield code="a">Critique sociologique</subfield><subfield code="0">(IDREF)03534122X</subfield><subfield code="2">idref</subfield></datafield><datafield ind1=" " ind2="7" tag="650"><subfield code="a">sport</subfield><subfield code="0">(RERO)A009977795</subfield><subfield code="2">rerovoc</subfield></datafield><datafield ind1=" " ind2="7" tag="650"><subfield code="a">critique sociale</subfield><subfield code="0">(RERO)A010070339</subfield><subfield code="2">rerovoc</subfield></datafield><datafield ind1=" " ind2=" " tag="690"><subfield code="a">Sport - Sociologie politique</subfield><subfield code="2">EHSM_f</subfield></datafield><datafield ind1=" " ind2=" " tag="690"><subfield code="a">Corps - Sociologie - Sport</subfield><subfield code="2">EHSM_f</subfield></datafield><datafield ind1=" " ind2=" " tag="690"><subfield code="a">Sport - Politische Soziologie</subfield><subfield code="2">EHSM_d</subfield></datafield><datafield ind1=" " ind2=" " tag="690"><subfield code="a">Körper - Soziologie - Sport</subfield><subfield code="2">EHSM_d</subfield></datafield><datafield ind1=" " ind2=" " tag="900"><subfield code="a">REROnoselfmerge</subfield></datafield></record>
</metadata></record>