<record><header><identifier>oai:alma.41SLSP_UGE:991000025099705502</identifier><datestamp>2023-03-01T01:09:01Z</datestamp><setSpec>uge_bcen_RapidILL_BOOK</setSpec><setSpec>uge_aaca_RapidILL_BOOK</setSpec><setSpec>uge_abels_RapidILL_BOOK</setSpec><setSpec>uge_dbu_RapidILL_BOOK</setSpec><setSpec>uge_cmu_RapidILL_BOOK</setSpec><setSpec>uge_mail_RapidILL_BOOK</setSpec><setSpec>UNIGE_ALL</setSpec><setSpec>uge_abbat_RapidILL_BOOK</setSpec><setSpec>uge_acar_RapidILL_BOOK</setSpec><setSpec>uge_aobs_RapidILL_BOOK</setSpec></header><metadata>
<record xmlns="http://www.loc.gov/MARC21/slim" xmlns:xsi="http://www.w3.org/2001/XMLSchema-instance" xsi:schemaLocation="http://www.loc.gov/MARC21/slim http://www.loc.gov/standards/marcxml/schema/MARC21slim.xsd"><leader>04926nam a2200889 c 4500</leader><controlfield tag="001">991000025099705502</controlfield><controlfield tag="005">20230207212254.0</controlfield><controlfield tag="008">201011s2012    xxk||||| |||| 10| ||eng d</controlfield><datafield ind1=" " ind2=" " tag="015"><subfield code="a">GBB1C1456</subfield><subfield code="2">bnb</subfield></datafield><datafield ind1=" " ind2=" " tag="015"><subfield code="a">015951822</subfield><subfield code="2">Uk</subfield></datafield><datafield ind1=" " ind2=" " tag="020"><subfield code="a">9781107013513</subfield><subfield code="q">hbk.</subfield></datafield><datafield ind1=" " ind2=" " tag="020"><subfield code="a">1107013518</subfield><subfield code="q">hbk.</subfield></datafield><datafield ind1="7" ind2=" " tag="024"><subfield code="a">http://catalogue.bnf.fr/ark:/12148/cb42767216t</subfield><subfield code="2">uri</subfield></datafield><datafield ind1=" " ind2=" " tag="035"><subfield code="a">(swissbib)228062055-41slsp_network</subfield></datafield><datafield ind1=" " ind2=" " tag="035"><subfield code="a">228062055</subfield><subfield code="9">ExL</subfield></datafield><datafield ind1=" " ind2=" " tag="035"><subfield code="a">(RERO)R006389201-41slsp</subfield></datafield><datafield ind1=" " ind2=" " tag="035"><subfield code="a">(IDSSG)000581898HSB01</subfield></datafield><datafield ind1=" " ind2=" " tag="035"><subfield code="a">(IDSBB)006036984DSV01</subfield></datafield><datafield ind1=" " ind2=" " tag="035"><subfield code="a">(NEBIS)006821035EBI01</subfield></datafield><datafield ind1=" " ind2=" " tag="035"><subfield code="a">(OCoLC)796765274</subfield></datafield><datafield ind1=" " ind2=" " tag="035"><subfield code="a">(OCoLC)757931392</subfield></datafield><datafield ind1=" " ind2=" " tag="035"><subfield code="a">(EXLNZ-41SLSP_NETWORK)991154385259705501</subfield></datafield><datafield ind1=" " ind2=" " tag="040"><subfield code="a">DLC</subfield><subfield code="d">CH-ZuSLS</subfield></datafield><datafield ind1=" " ind2="7" tag="072"><subfield code="a">ht</subfield><subfield code="2">rero</subfield></datafield><datafield ind1=" " ind2="7" tag="072"><subfield code="a">se</subfield><subfield code="2">rero</subfield></datafield><datafield ind1=" " ind2="7" tag="072"><subfield code="a">wg</subfield><subfield code="2">SzZuIDS BS/BE</subfield></datafield><datafield ind1="0" ind2="4" tag="082"><subfield code="a">330.9</subfield><subfield code="2">23</subfield></datafield><datafield ind1="0" ind2="4" tag="082"><subfield code="a">332/.0420903</subfield><subfield code="2">23</subfield></datafield><datafield ind1="1" ind2="4" tag="082"><subfield code="a">330</subfield><subfield code="2">15</subfield></datafield><datafield ind1=" " ind2=" " tag="084"><subfield code="a">NW 3980</subfield><subfield code="2">rvk</subfield></datafield><datafield ind1="1" ind2=" " tag="100"><subfield code="a">Yun Casalilla, Bartolomé</subfield><subfield code="0">(DE-588)1029214158</subfield><subfield code="6">880-01</subfield></datafield><datafield ind1="1" ind2=" " tag="880"><subfield code="6">100-01</subfield><subfield code="a">Yun Casalilla, Bartolomé</subfield><subfield code="c">historien</subfield><subfield code="d">1955-....</subfield><subfield code="0">(IDREF)028345894</subfield></datafield><datafield ind1="1" ind2="0" tag="245"><subfield code="a">&lt;&lt;The&gt;&gt; rise of fiscal states</subfield><subfield code="b">a global history, 1500-1914</subfield><subfield code="c">edited by Bartolomé Yun-Casalilla, Patrick K. O'Brien ; with Francisco Comín Comín</subfield></datafield><datafield ind1=" " ind2="1" tag="264"><subfield code="a">Cambridge</subfield><subfield code="b">Cambridge University Press</subfield><subfield code="c">2012</subfield></datafield><datafield ind1=" " ind2=" " tag="300"><subfield code="a">xxi, 471 p.</subfield><subfield code="b">fig., tables</subfield></datafield><datafield ind1=" " ind2=" " tag="336"><subfield code="b">txt</subfield><subfield code="2">rdacontent</subfield></datafield><datafield ind1=" " ind2=" " tag="337"><subfield code="b">n</subfield><subfield code="2">rdamedia</subfield></datafield><datafield ind1=" " ind2=" " tag="338"><subfield code="b">nc</subfield><subfield code="2">rdacarrier</subfield></datafield><datafield ind1=" " ind2=" " tag="500"><subfield code="a">13th International Economic History Congress in Buenos Aires, 2002</subfield></datafield><datafield ind1=" " ind2=" " tag="504"><subfield code="a">Index.</subfield></datafield><datafield ind1=" " ind2="7" tag="648"><subfield code="a">Geschichte 1500-1914</subfield><subfield code="2">gnd</subfield></datafield><datafield ind1=" " ind2="7" tag="648"><subfield code="a">Geschichte 1500-2000</subfield><subfield code="2">idszbz</subfield></datafield><datafield ind1=" " ind2="7" tag="648"><subfield code="a">Geschichte 1500-1914</subfield><subfield code="2">idszbz</subfield></datafield><datafield ind1=" " ind2="7" tag="650"><subfield code="a">Impôt</subfield><subfield code="0">(IDREF)027261956</subfield><subfield code="2">idref</subfield></datafield><datafield ind1=" " ind2="7" tag="650"><subfield code="a">16e siècle-20e siècle (début)</subfield><subfield code="0">(RERO)A023049126</subfield><subfield code="2">rero</subfield></datafield><datafield ind1=" " ind2="7" tag="650"><subfield code="a">Développement économique</subfield><subfield code="0">(IDREF)027224902</subfield><subfield code="2">idref</subfield></datafield><datafield ind1=" " ind2="7" tag="650"><subfield code="a">Politique fiscale</subfield><subfield code="0">(IDREF)027744191</subfield><subfield code="2">idref</subfield></datafield><datafield ind1=" " ind2="7" tag="650"><subfield code="a">Finanzpolitik</subfield><subfield code="0">(DE-588)4127795-8</subfield><subfield code="2">gnd</subfield></datafield><datafield ind1=" " ind2="0" tag="650"><subfield code="a">Economics</subfield><subfield code="x">History</subfield></datafield><datafield ind1=" " ind2="0" tag="650"><subfield code="a">Finance, Public</subfield><subfield code="x">History</subfield></datafield><datafield ind1=" " ind2="0" tag="650"><subfield code="a">State, The</subfield><subfield code="x">Economic aspects</subfield><subfield code="x">History</subfield></datafield><datafield ind1=" " ind2="7" tag="650"><subfield code="a">Steuer</subfield><subfield code="0">(DE-588)4057399-0</subfield><subfield code="2">gnd</subfield></datafield><datafield ind1=" " ind2="7" tag="650"><subfield code="a">Finanzwirtschaft</subfield><subfield code="0">(DE-588)4017214-4</subfield><subfield code="2">gnd</subfield></datafield><datafield ind1=" " ind2="7" tag="650"><subfield code="a">Fiskalpolitik</subfield><subfield code="0">(DE-588)4071234-5</subfield><subfield code="2">gnd</subfield></datafield><datafield ind1=" " ind2="7" tag="650"><subfield code="a">Internationaler Vergleich</subfield><subfield code="0">(DE-588)4120509-1</subfield><subfield code="2">gnd</subfield></datafield><datafield ind1=" " ind2="7" tag="650"><subfield code="a">Steuerpolitik</subfield><subfield code="0">(DE-588)4057447-7</subfield><subfield code="2">gnd</subfield></datafield><datafield ind1=" " ind2="0" tag="650"><subfield code="a">Fiscal policy</subfield><subfield code="x">History</subfield></datafield><datafield ind1=" " ind2="0" tag="650"><subfield code="a">Fiscal policy</subfield><subfield code="x">History</subfield><subfield code="x">Electronic books</subfield></datafield><datafield ind1=" " ind2="7" tag="651"><subfield code="a">Asie</subfield><subfield code="0">(IDREF)027801101</subfield><subfield code="2">idref</subfield></datafield><datafield ind1=" " ind2="7" tag="651"><subfield code="a">Europe</subfield><subfield code="0">(IDREF)027224651</subfield><subfield code="2">idref</subfield></datafield><datafield ind1=" " ind2="7" tag="655"><subfield code="a">Actes de congrès</subfield><subfield code="0">(IDREF)02886431X</subfield><subfield code="2">idref</subfield></datafield><datafield ind1=" " ind2="7" tag="655"><subfield code="a">Konferenzschrift</subfield><subfield code="z">Buenos Aires</subfield><subfield code="y">2002</subfield><subfield code="2">gnd-content</subfield></datafield><datafield ind1=" " ind2="7" tag="655"><subfield code="a">Aufsatzsammlung</subfield><subfield code="2">gnd-content</subfield></datafield><datafield ind1=" " ind2="7" tag="655"><subfield code="a">Aufsatzsammlung</subfield><subfield code="2">idszbz</subfield></datafield><datafield ind1=" " ind2=" " tag="690"><subfield code="a">Nationalstaat[100]; Geschäftsgrundlage[63]; Weltkrieg[12]; Kirchenstaat[10]; Republik[10]; Bildung[9]; Asien[7]; Belgien[7]; Finanzgeschichte[7]; Kent[7]; Spanien[7]; Finanzierung[7]; Atlantik[6]; Aufstieg[6]; Monarchie</subfield><subfield code="2">idssg-J</subfield></datafield><datafield ind1=" " ind2=" " tag="690"><subfield code="a">Handelsstaat; BritischIndien; OstEuropa; Geschäftszustand; Globalgeschichte; Nordatlantik; Opiumkrieg; Südatlantik; Ausnahmefall; Beitragszahler; Staatssystem</subfield><subfield code="2">idssg-J</subfield></datafield><datafield ind1=" " ind2=" " tag="690"><subfield code="a">vergleichende Perspektive; wirksamer Staat; britische Besteuerung; chinesisches Geschäft; erster Weltkrieg; eurasischer Staat; gewöhnliches Geschäft; globale Geschichte; habsburgisches Belgien; habsburgisches Niederlande; japanisches Geschäft; langfristiger Trend; osmanisches Reich; russisches Geschäft; transnationale Perspektive; österreichischer Verbund</subfield><subfield code="2">idssg-J</subfield></datafield><datafield ind1=" " ind2=" " tag="690"><subfield code="a">Europa C4E; Niederlande C4EUNE; Italien C4EUIT; Atlantischer Ozean C0ATLA; Belgien C4EUBL; Frankreich C4EUFR; Portugal C4EUPR; Asien C90ASI; China C9CHIN; Spanien C4EUSP; Osteuropa C4E0EE; Indien C9INDI; Deutschland C4EUGE; Großbritannien C4EUUK; Welt C00WOR; Mittelmeer C0MEDI</subfield><subfield code="2">idssg-J</subfield></datafield><datafield ind1=" " ind2=" " tag="690"><subfield code="a">Bartolome Yun Casalilla Patrick Brien; beitragszahler xv; Edwin Horlings; Franciso Comin Comin; Franciso Comin Comin Gig Cambridge; Geschäft Zustand Portugal; Good Governance; Hart; Martin Daunton Teil Mittelund Osteuropa; Michael Norden vii viii; Norden vii viii; Peter Gatrell Teil Südatlantik Europa; Teil Nordatlantik Europa; Verbund Monarchie Nationalstaat</subfield><subfield code="2">idssg-J</subfield></datafield><datafield ind1="1" ind2=" " tag="700"><subfield code="a">O'Brien, Patrick Karl</subfield><subfield code="0">(RERO)A003649335</subfield></datafield><datafield ind1="1" ind2=" " tag="700"><subfield code="a">Comín, Francisco</subfield><subfield code="d">1952-....</subfield><subfield code="0">(IDREF)032386974</subfield></datafield><datafield ind1="2" ind2=" " tag="711"><subfield code="a">International Economic History Congress</subfield><subfield code="0">(DE-588)242594-4</subfield></datafield><datafield ind1="2" ind2=" " tag="711"><subfield code="a">Congrès international d'histoire économique</subfield><subfield code="n">13</subfield><subfield code="d">2002</subfield><subfield code="c">Buenos Aires</subfield><subfield code="0">(RERO)A012446064</subfield></datafield><datafield ind1="4" ind2=" " tag="856"><subfield code="3">Titelblatt und Inhaltsverzeichnis</subfield><subfield code="u">https://toc.library.ethz.ch/objects/pdf/z01_978-1-107-01351-3_01.pdf</subfield><subfield code="q">pdf</subfield></datafield><datafield ind1=" " ind2=" " tag="900"><subfield code="a">REROnoselfmerge</subfield></datafield><datafield ind1=" " ind2=" " tag="900"><subfield code="a">IDSZ2zbzmon201207f</subfield><subfield code="c">IDSZ2stein</subfield><subfield code="d">IDSZ2zbzswk201207b</subfield><subfield code="e">IDSZ2stet</subfield></datafield><datafield ind1=" " ind2=" " tag="910"><subfield code="a">LOC</subfield><subfield code="b">20120201</subfield><subfield code="c">Droits réservés</subfield></datafield><datafield ind1=" " ind2=" " tag="949"><subfield code="a">https://toc.library.ethz.ch/objects/pdf/z01_978-1-107-01351-3_01.pdf</subfield></datafield></record>
</metadata></record>