<record><header><identifier>oai:alma.41SLSP_UGE:991000025309705502</identifier><datestamp>2023-03-01T01:09:01Z</datestamp><setSpec>uge_bcen_RapidILL_BOOK</setSpec><setSpec>uge_aaca_RapidILL_BOOK</setSpec><setSpec>uge_abels_RapidILL_BOOK</setSpec><setSpec>uge_dbu_RapidILL_BOOK</setSpec><setSpec>uge_cmu_RapidILL_BOOK</setSpec><setSpec>uge_mail_RapidILL_BOOK</setSpec><setSpec>UNIGE_ALL</setSpec><setSpec>uge_abbat_RapidILL_BOOK</setSpec><setSpec>uge_aobs_RapidILL_BOOK</setSpec><setSpec>uge_acar_RapidILL_BOOK</setSpec></header><metadata>
<record xmlns="http://www.loc.gov/MARC21/slim" xmlns:xsi="http://www.w3.org/2001/XMLSchema-instance" xsi:schemaLocation="http://www.loc.gov/MARC21/slim http://www.loc.gov/standards/marcxml/schema/MARC21slim.xsd"><leader>03028nam a2200313 c 4500</leader><controlfield tag="001">991000025309705502</controlfield><controlfield tag="005">20210207113819.0</controlfield><controlfield tag="008">861128s1950    ru ||||| |||| 00| ||rus d</controlfield><datafield ind1=" " ind2=" " tag="035"><subfield code="a">(swissbib)081313551-41slsp_network</subfield></datafield><datafield ind1=" " ind2=" " tag="035"><subfield code="a">081313551</subfield><subfield code="9">ExL</subfield></datafield><datafield ind1=" " ind2=" " tag="035"><subfield code="a">(RERO)0781624-41slsp</subfield></datafield><datafield ind1=" " ind2=" " tag="035"><subfield code="a">(EXLNZ-41SLSP_NETWORK)991064623299705501</subfield></datafield><datafield ind1=" " ind2=" " tag="040"><subfield code="a">RERO geudbu</subfield><subfield code="d">CH-ZuSLS</subfield></datafield><datafield ind1=" " ind2="7" tag="072"><subfield code="a">ru</subfield><subfield code="2">rero</subfield></datafield><datafield ind1="0" ind2="0" tag="245"><subfield code="6">880-01</subfield><subfield code="a">Novgorodskai︠a︡ pervai︠a︡ letopisʹ starshego i mladshego izvodov</subfield><subfield code="c">Akademii︠a︡ nauk SSSR, Institut istorii ; [pod red. i s predisloviem A. N. Nasonova]</subfield></datafield><datafield ind1="0" ind2="0" tag="880"><subfield code="6">245-01/(N</subfield><subfield code="a">Новгородская первая летопись старшего и младшего изводов</subfield><subfield code="c">Академия наук СССР, Институт истории; [под. ред. и с предисловием А. Н. Насонова]</subfield></datafield><datafield ind1="1" ind2=" " tag="246"><subfield code="a">Novgorodskaja pervaja letopisʹ staršego i mladšego izvodov / Akademija nauk SSSR, Institut istorii ; [pod red. i s predisloviem A. N. Nasonova]</subfield></datafield><datafield ind1=" " ind2="1" tag="264"><subfield code="6">880-02</subfield><subfield code="a">Moskva</subfield><subfield code="a">Leningrad</subfield><subfield code="b">Izd. Akademii nauk SSSR</subfield><subfield code="c">1950</subfield></datafield><datafield ind1=" " ind2="1" tag="880"><subfield code="6">264-02/(N</subfield><subfield code="a">Москва</subfield><subfield code="a">Ленинград</subfield><subfield code="b">Изд. Академии наук СССР</subfield><subfield code="c">1950</subfield></datafield><datafield ind1=" " ind2=" " tag="300"><subfield code="a">640 p.</subfield><subfield code="b">fac-sim.</subfield><subfield code="c">27 cm</subfield></datafield><datafield ind1=" " ind2=" " tag="336"><subfield code="b">txt</subfield><subfield code="2">rdacontent</subfield></datafield><datafield ind1=" " ind2=" " tag="337"><subfield code="b">n</subfield><subfield code="2">rdamedia</subfield></datafield><datafield ind1=" " ind2=" " tag="338"><subfield code="b">nc</subfield><subfield code="2">rdacarrier</subfield></datafield><datafield ind1=" " ind2=" " tag="500"><subfield code="a">Autre titre uniforme: Novgorodskaja letopis'</subfield></datafield><datafield ind1="1" ind2=" " tag="700"><subfield code="6">880-03</subfield><subfield code="a">Nasonov, Arsenij Nikolaevič</subfield><subfield code="d">1898-1965</subfield><subfield code="0">(IDREF)100503454</subfield></datafield><datafield ind1="1" ind2=" " tag="880"><subfield code="6">700-03/(N</subfield><subfield code="a">Насонов, А.Н.</subfield><subfield code="q">Арсений Николаевич</subfield><subfield code="d">1898-1965</subfield></datafield><datafield ind1="2" ind2=" " tag="710"><subfield code="6">880-04</subfield><subfield code="a">Institut istorii</subfield><subfield code="g">Moscou</subfield><subfield code="0">(IDREF)034985204</subfield></datafield><datafield ind1="2" ind2=" " tag="880"><subfield code="6">710-04/(N</subfield><subfield code="a">Академия наук СССР</subfield><subfield code="b">Институт истории</subfield></datafield><datafield ind1="0" ind2=" " tag="730"><subfield code="a">Novgorodskai︠a︡ letopisʹ</subfield><subfield code="l">Russe ancien</subfield></datafield><datafield ind1=" " ind2=" " tag="900"><subfield code="a">REROnoselfmerge</subfield></datafield></record>
</metadata></record>