<record><header><identifier>oai:alma.41SLSP_UGE:991000025409705502</identifier><datestamp>2023-05-26T00:16:34Z</datestamp><setSpec>uge_bcen_RapidILL_BOOK</setSpec><setSpec>uge_aaca_RapidILL_BOOK</setSpec><setSpec>uge_abels_RapidILL_BOOK</setSpec><setSpec>uge_dbu_RapidILL_BOOK</setSpec><setSpec>uge_cmu_RapidILL_BOOK</setSpec><setSpec>uge_mail_RapidILL_BOOK</setSpec><setSpec>uge_abbat_RapidILL_BOOK</setSpec><setSpec>UNIGE_ALL</setSpec><setSpec>uge_acar_RapidILL_BOOK</setSpec><setSpec>uge_aobs_RapidILL_BOOK</setSpec></header><metadata>
<record xmlns="http://www.loc.gov/MARC21/slim" xmlns:xsi="http://www.w3.org/2001/XMLSchema-instance" xsi:schemaLocation="http://www.loc.gov/MARC21/slim http://www.loc.gov/standards/marcxml/schema/MARC21slim.xsd"><leader>03016nam a2200841 ca4500</leader><controlfield tag="001">991000025409705502</controlfield><controlfield tag="005">20230525155023.0</controlfield><controlfield tag="008">201011m19861998xxu    |      00| ||eng|d</controlfield><datafield ind1=" " ind2=" " tag="020"><subfield code="a">0253329833</subfield><subfield code="q">vol. 1</subfield></datafield><datafield ind1=" " ind2=" " tag="020"><subfield code="a">025333456X</subfield><subfield code="q">vol. 2</subfield></datafield><datafield ind1="7" ind2=" " tag="024"><subfield code="a">http://catalogue.bnf.fr/ark:/12148/cb34981407w</subfield><subfield code="2">uri</subfield></datafield><datafield ind1=" " ind2=" " tag="035"><subfield code="a">(swissbib)217141196-41slsp_network</subfield></datafield><datafield ind1=" " ind2=" " tag="035"><subfield code="a">217141196</subfield><subfield code="9">ExL</subfield></datafield><datafield ind1=" " ind2=" " tag="035"><subfield code="a">(NEBIS)002039852EBI01</subfield></datafield><datafield ind1=" " ind2=" " tag="035"><subfield code="a">(RERO)1594740-41slsp</subfield></datafield><datafield ind1=" " ind2=" " tag="035"><subfield code="a">(IDSBB)000319726DSV01</subfield></datafield><datafield ind1=" " ind2=" " tag="035"><subfield code="a">(EXLNZ-41SLSP_NETWORK)991070485499705501</subfield></datafield><datafield ind1=" " ind2=" " tag="040"><subfield code="a">ZBZ</subfield><subfield code="d">CH-ZuSLS</subfield></datafield><datafield ind1=" " ind2="7" tag="072"><subfield code="a">or</subfield><subfield code="2">rero</subfield></datafield><datafield ind1=" " ind2="7" tag="072"><subfield code="a">pp</subfield><subfield code="2">SzZuIDS BS/BE</subfield></datafield><datafield ind1=" " ind2="7" tag="072"><subfield code="a">or</subfield><subfield code="2">SzZuIDS BS/BE</subfield></datafield><datafield ind1="0" ind2="0" tag="082"><subfield code="a">895.1/09</subfield><subfield code="2">19</subfield></datafield><datafield ind1="1" ind2="4" tag="082"><subfield code="a">895.109</subfield><subfield code="2">22</subfield></datafield><datafield ind1=" " ind2=" " tag="084"><subfield code="a">EG 9400</subfield><subfield code="2">rvk</subfield></datafield><datafield ind1="0" ind2="0" tag="245"><subfield code="a">&lt;&lt;The&gt;&gt; Indiana companion to traditional Chinese literature</subfield><subfield code="c">William H. Nienhauser, Jr., ed. and comp. ; Charles Hartman, assoc. ed. ... [et al.]</subfield></datafield><datafield ind1="1" ind2="0" tag="246"><subfield code="a">Traditional Chinese literature</subfield></datafield><datafield ind1=" " ind2="1" tag="264"><subfield code="a">Bloomington</subfield><subfield code="b">Indiana University Press</subfield><subfield code="c">[1986-1998]</subfield></datafield><datafield ind1=" " ind2="4" tag="264"><subfield code="c">© 1986-1998</subfield></datafield><datafield ind1=" " ind2=" " tag="300"><subfield code="a">2 vols.</subfield><subfield code="c">26 cm</subfield></datafield><datafield ind1=" " ind2=" " tag="336"><subfield code="b">txt</subfield><subfield code="2">rdacontent</subfield></datafield><datafield ind1=" " ind2=" " tag="337"><subfield code="b">n</subfield><subfield code="2">rdamedia</subfield></datafield><datafield ind1=" " ind2=" " tag="338"><subfield code="b">nc</subfield><subfield code="2">rdacarrier</subfield></datafield><datafield ind1=" " ind2=" " tag="500"><subfield code="a">Von vol. 1 ersch. 1998 eine Neuausgabe (2. printing)</subfield></datafield><datafield ind1=" " ind2=" " tag="504"><subfield code="a">Bibliogr.</subfield></datafield><datafield ind1=" " ind2="7" tag="648"><subfield code="a">Geschichte</subfield><subfield code="2">idszbz</subfield></datafield><datafield ind1=" " ind2="7" tag="648"><subfield code="a">Geschichte 1100 v. Chr.-1984</subfield><subfield code="2">idszbz</subfield></datafield><datafield ind1=" " ind2="7" tag="648"><subfield code="a">Geschichte Anfänge-1911</subfield><subfield code="2">gnd</subfield></datafield><datafield ind1=" " ind2="7" tag="650"><subfield code="a">Chinesisch</subfield><subfield code="2">idszbz</subfield></datafield><datafield ind1=" " ind2="7" tag="650"><subfield code="a">Literatur</subfield><subfield code="2">idszbz</subfield></datafield><datafield ind1=" " ind2="7" tag="650"><subfield code="a">Biografie</subfield><subfield code="0">(DE-588)4006804-3</subfield><subfield code="2">gnd</subfield></datafield><datafield ind1=" " ind2="7" tag="650"><subfield code="a">Chinesisch</subfield><subfield code="0">(DE-588)4113214-2</subfield><subfield code="2">gnd</subfield></datafield><datafield ind1=" " ind2="7" tag="650"><subfield code="a">Geschichte</subfield><subfield code="0">(DE-588)4020517-4</subfield><subfield code="2">gnd</subfield></datafield><datafield ind1=" " ind2="7" tag="650"><subfield code="a">Literatur</subfield><subfield code="0">(DE-588)4035964-5</subfield><subfield code="2">gnd</subfield></datafield><datafield ind1=" " ind2="0" tag="650"><subfield code="a">Chinese literature</subfield><subfield code="v">Bio-bibliography</subfield></datafield><datafield ind1=" " ind2="0" tag="650"><subfield code="a">Chinese literature</subfield><subfield code="x">Bio-bibliography</subfield></datafield><datafield ind1=" " ind2="0" tag="650"><subfield code="a">Chinese literature</subfield><subfield code="x">History and criticism</subfield></datafield><datafield ind1=" " ind2="7" tag="650"><subfield code="a">Littérature chinoise</subfield><subfield code="0">(IDREF)027699900</subfield><subfield code="2">idref</subfield></datafield><datafield ind1=" " ind2="7" tag="650"><subfield code="a">origines</subfield><subfield code="0">(RERO)A009950802</subfield><subfield code="2">rerovoc</subfield></datafield><datafield ind1=" " ind2="7" tag="650"><subfield code="a">50000 av. J.-C.-1911</subfield><subfield code="2">idref</subfield></datafield><datafield ind1=" " ind2="7" tag="650"><subfield code="a">Écrivains</subfield><subfield code="0">(IDREF)027288404</subfield><subfield code="2">idref</subfield></datafield><datafield ind1=" " ind2="7" tag="650"><subfield code="a">Chinesische Literatur</subfield><subfield code="v">Wörterbuch</subfield><subfield code="2">idsbb</subfield></datafield><datafield ind1=" " ind2="7" tag="651"><subfield code="a">Chine</subfield><subfield code="0">(IDREF)027633179</subfield><subfield code="2">idref</subfield></datafield><datafield ind1=" " ind2="7" tag="655"><subfield code="a">Handbuch</subfield><subfield code="2">idszbz</subfield></datafield><datafield ind1=" " ind2="7" tag="655"><subfield code="a">Aufsatzsammlung</subfield><subfield code="2">gnd-content</subfield></datafield><datafield ind1=" " ind2="7" tag="655"><subfield code="a">Bibliographie</subfield><subfield code="0">(IDREF)027229386</subfield><subfield code="2">idref</subfield></datafield><datafield ind1=" " ind2="7" tag="655"><subfield code="a">Biographie</subfield><subfield code="0">(IDREF)027281558</subfield><subfield code="2">idref</subfield></datafield><datafield ind1=" " ind2="7" tag="655"><subfield code="a">Biografie</subfield><subfield code="2">gnd-content</subfield></datafield><datafield ind1=" " ind2=" " tag="690"><subfield code="a">China</subfield><subfield code="2">uzb-UW</subfield></datafield><datafield ind1=" " ind2=" " tag="690"><subfield code="a">Literatur</subfield><subfield code="2">uzb-UW</subfield></datafield><datafield ind1=" " ind2=" " tag="690"><subfield code="a">Nachschlagewerk</subfield><subfield code="2">uzb-UW</subfield></datafield><datafield ind1=" " ind2=" " tag="690"><subfield code="a">Prosa</subfield><subfield code="2">uzb-UW</subfield></datafield><datafield ind1=" " ind2=" " tag="690"><subfield code="a">Lyrik</subfield><subfield code="2">uzb-UW</subfield></datafield><datafield ind1=" " ind2=" " tag="690"><subfield code="a">Theater</subfield><subfield code="2">uzb-UW</subfield></datafield><datafield ind1=" " ind2=" " tag="690"><subfield code="a">Geschichte</subfield><subfield code="2">uzb-UW</subfield></datafield><datafield ind1=" " ind2=" " tag="690"><subfield code="a">Buddhismus</subfield><subfield code="2">uzb-UW</subfield></datafield><datafield ind1=" " ind2=" " tag="690"><subfield code="a">Literaturkritik</subfield><subfield code="2">uzb-UW</subfield></datafield><datafield ind1=" " ind2=" " tag="690"><subfield code="a">Volksliteratur</subfield><subfield code="2">uzb-UW</subfield></datafield><datafield ind1=" " ind2=" " tag="690"><subfield code="a">Rhetorik</subfield><subfield code="2">uzb-UW</subfield></datafield><datafield ind1=" " ind2=" " tag="690"><subfield code="a">Daoismus</subfield><subfield code="2">uzb-UW</subfield></datafield><datafield ind1=" " ind2=" " tag="690"><subfield code="a">Frau</subfield><subfield code="2">uzb-UW</subfield></datafield><datafield ind1="1" ind2=" " tag="700"><subfield code="a">Nienhauser, William H.</subfield><subfield code="d">1943-</subfield><subfield code="0">(DE-588)136273947</subfield><subfield code="6">880-02</subfield></datafield><datafield ind1="1" ind2=" " tag="880"><subfield code="6">700-02</subfield><subfield code="a">Nienhauser, William H</subfield><subfield code="d">1943-....</subfield><subfield code="0">(IDREF)056541198</subfield></datafield><datafield ind1=" " ind2=" " tag="900"><subfield code="a">IDSZ2zbzmon200103e</subfield><subfield code="c">IDSZ2kalh</subfield><subfield code="d">IDSZ2zbzswk200104b</subfield><subfield code="e">IDSZ2mors</subfield></datafield><datafield ind1=" " ind2=" " tag="900"><subfield code="a">REROnoselfmerge</subfield></datafield></record>
</metadata></record>