<record><header><identifier>oai:alma.41SLSP_UGE:991000024889705502</identifier><datestamp>2023-03-01T01:09:01Z</datestamp><setSpec>uge_bcen_RapidILL_BOOK</setSpec><setSpec>uge_aaca_RapidILL_BOOK</setSpec><setSpec>uge_abels_RapidILL_BOOK</setSpec><setSpec>uge_dbu_RapidILL_BOOK</setSpec><setSpec>uge_cmu_RapidILL_BOOK</setSpec><setSpec>uge_mail_RapidILL_BOOK</setSpec><setSpec>UNIGE_ALL</setSpec><setSpec>uge_abbat_RapidILL_BOOK</setSpec><setSpec>uge_acar_RapidILL_BOOK</setSpec><setSpec>uge_aobs_RapidILL_BOOK</setSpec></header><metadata>
<record xmlns="http://www.loc.gov/MARC21/slim" xmlns:xsi="http://www.w3.org/2001/XMLSchema-instance" xsi:schemaLocation="http://www.loc.gov/MARC21/slim http://www.loc.gov/standards/marcxml/schema/MARC21slim.xsd"><leader>02143nam a2200565 c 4500</leader><controlfield tag="001">991000024889705502</controlfield><controlfield tag="005">20230201202904.0</controlfield><controlfield tag="008">201011s1975    xxu||||| |||| 00| ||eng d</controlfield><datafield ind1=" " ind2=" " tag="010"><subfield code="a">74014085</subfield></datafield><datafield ind1=" " ind2=" " tag="020"><subfield code="a">0674659309</subfield></datafield><datafield ind1=" " ind2=" " tag="020"><subfield code="a">9780674659308</subfield></datafield><datafield ind1="7" ind2=" " tag="024"><subfield code="a">http://catalogue.bnf.fr/ark:/12148/cb353541554</subfield><subfield code="2">uri</subfield></datafield><datafield ind1=" " ind2=" " tag="035"><subfield code="a">(swissbib)224947702-41slsp_network</subfield></datafield><datafield ind1=" " ind2=" " tag="035"><subfield code="a">224947702</subfield><subfield code="9">ExL</subfield></datafield><datafield ind1=" " ind2=" " tag="035"><subfield code="a">(RERO)0116617-41slsp</subfield></datafield><datafield ind1=" " ind2=" " tag="035"><subfield code="a">(NEBIS)002946833EBI01</subfield></datafield><datafield ind1=" " ind2=" " tag="035"><subfield code="a">(OCoLC)1287586</subfield></datafield><datafield ind1=" " ind2=" " tag="035"><subfield code="a">(EXLNZ-41SLSP_NETWORK)991079746359705501</subfield></datafield><datafield ind1=" " ind2=" " tag="040"><subfield code="a">RERO</subfield><subfield code="d">CH-ZuSLS</subfield></datafield><datafield ind1=" " ind2=" " tag="050"><subfield code="a">F499.C69</subfield><subfield code="b">I83</subfield></datafield><datafield ind1=" " ind2="7" tag="072"><subfield code="a">ss</subfield><subfield code="2">rero</subfield></datafield><datafield ind1="0" ind2="4" tag="082"><subfield code="a">301.45/09771/32</subfield></datafield><datafield ind1=" " ind2=" " tag="084"><subfield code="a">15.85</subfield><subfield code="2">bcl</subfield></datafield><datafield ind1="1" ind2=" " tag="100"><subfield code="a">Barton, Josef J.</subfield><subfield code="d">19..-....</subfield><subfield code="0">(IDREF)120666642</subfield><subfield code="4">cre</subfield></datafield><datafield ind1="1" ind2="0" tag="245"><subfield code="a">Peasants and strangers</subfield><subfield code="b">Italians, Rumanians, and Slovaks in an American city, 1890-1950</subfield><subfield code="c">Josef J. Barton</subfield></datafield><datafield ind1=" " ind2="1" tag="264"><subfield code="a">Cambridge Mass.</subfield><subfield code="b">Harvard Univ. Press</subfield><subfield code="c">1975</subfield></datafield><datafield ind1=" " ind2=" " tag="300"><subfield code="a">XII, 217 p.</subfield><subfield code="b">fig.</subfield><subfield code="c">25 cm</subfield></datafield><datafield ind1=" " ind2=" " tag="336"><subfield code="b">txt</subfield><subfield code="2">rdacontent</subfield></datafield><datafield ind1=" " ind2=" " tag="337"><subfield code="b">n</subfield><subfield code="2">rdamedia</subfield></datafield><datafield ind1=" " ind2=" " tag="338"><subfield code="b">nc</subfield><subfield code="2">rdacarrier</subfield></datafield><datafield ind1="1" ind2=" " tag="490"><subfield code="a">Studies in urban history</subfield></datafield><datafield ind1=" " ind2=" " tag="504"><subfield code="a">Includes bibliographical references and index</subfield></datafield><datafield ind1=" " ind2="7" tag="650"><subfield code="a">1890-1950</subfield><subfield code="2">rero</subfield></datafield><datafield ind1=" " ind2="7" tag="650"><subfield code="a">Émigration et immigration</subfield><subfield code="0">(IDREF)027233103</subfield><subfield code="2">idref</subfield></datafield><datafield ind1=" " ind2="0" tag="650"><subfield code="a">Italian Americans</subfield><subfield code="z">Ohio</subfield><subfield code="z">Cleveland</subfield></datafield><datafield ind1=" " ind2="0" tag="650"><subfield code="a">Romanian Americans</subfield><subfield code="z">Ohio</subfield><subfield code="z">Cleveland</subfield></datafield><datafield ind1=" " ind2="0" tag="650"><subfield code="a">Slovak Americans</subfield><subfield code="z">Ohio</subfield><subfield code="z">Cleveland</subfield></datafield><datafield ind1=" " ind2="4" tag="650"><subfield code="a">Rumano americanos</subfield><subfield code="z">Ohio, EE.UU</subfield><subfield code="z">Cleveland</subfield></datafield><datafield ind1=" " ind2="4" tag="650"><subfield code="a">Eslovaco americanos</subfield><subfield code="z">Ohio, EE.UU</subfield><subfield code="z">Cleveland</subfield></datafield><datafield ind1=" " ind2="6" tag="650"><subfield code="a">Américains d'origine italienne</subfield><subfield code="z">Ohio</subfield><subfield code="z">Cleveland</subfield></datafield><datafield ind1=" " ind2="6" tag="650"><subfield code="a">Américains d'origine roumaine</subfield><subfield code="z">Ohio</subfield><subfield code="z">Cleveland</subfield></datafield><datafield ind1=" " ind2="6" tag="650"><subfield code="a">Américains d'origine slovaque</subfield><subfield code="z">Ohio</subfield><subfield code="z">Cleveland</subfield></datafield><datafield ind1=" " ind2="7" tag="651"><subfield code="a">Cleveland (Etats-Unis)</subfield><subfield code="0">(RERO)A010065756</subfield><subfield code="2">rero</subfield></datafield><datafield ind1=" " ind2="0" tag="651"><subfield code="a">Cleveland (Ohio)</subfield><subfield code="x">History</subfield></datafield><datafield ind1=" " ind2="6" tag="651"><subfield code="a">Cleveland, Ohio</subfield><subfield code="x">Histoire</subfield></datafield><datafield ind1=" " ind2=" " tag="690"><subfield code="a">Cleveland (Ohio)</subfield><subfield code="2">uzb-Z9</subfield></datafield><datafield ind1=" " ind2=" " tag="690"><subfield code="a">Minderheit / Einzelne Gebiete und Orte / Amerika / Nordamerika / USA</subfield><subfield code="2">uzb-Z9</subfield></datafield><datafield ind1=" " ind2=" " tag="690"><subfield code="a">USA / Einwanderung / Europäer</subfield><subfield code="2">uzb-Z9</subfield></datafield><datafield ind1=" " ind2="0" tag="830"><subfield code="a">Harvard Studies in Urban History</subfield><subfield code="w">(RERO)0081992-41slsp</subfield></datafield><datafield ind1=" " ind2=" " tag="900"><subfield code="a">REROnoselfmerge</subfield></datafield><datafield ind1=" " ind2=" " tag="900"><subfield code="a">IDSZRMedeaZBZ</subfield></datafield></record>
</metadata></record>