<record><header><identifier>oai:alma.41SLSP_UGE:991000024989705502</identifier><datestamp>2024-04-10T00:14:01Z</datestamp><setSpec>uge_bcen_RapidILL_BOOK</setSpec><setSpec>uge_aaca_RapidILL_BOOK</setSpec><setSpec>uge_abels_RapidILL_BOOK</setSpec><setSpec>uge_dbu_RapidILL_BOOK</setSpec><setSpec>uge_cmu_RapidILL_BOOK</setSpec><setSpec>uge_mail_RapidILL_BOOK</setSpec><setSpec>uge_abbat_RapidILL_BOOK</setSpec><setSpec>UNIGE_ALL</setSpec><setSpec>uge_acar_RapidILL_BOOK</setSpec><setSpec>uge_aobs_RapidILL_BOOK</setSpec></header><metadata>
<record xmlns="http://www.loc.gov/MARC21/slim" xmlns:xsi="http://www.w3.org/2001/XMLSchema-instance" xsi:schemaLocation="http://www.loc.gov/MARC21/slim http://www.loc.gov/standards/marcxml/schema/MARC21slim.xsd"><leader>02360nam a2200601 c 4500</leader><controlfield tag="001">991000024989705502</controlfield><controlfield tag="005">20240409143832.0</controlfield><controlfield tag="008">201011s1985    sz ||||| |||| 00| ||ger d</controlfield><datafield ind1=" " ind2=" " tag="020"><subfield code="a">3286504513</subfield></datafield><datafield ind1=" " ind2=" " tag="035"><subfield code="a">(swissbib)214357872-41slsp_network</subfield></datafield><datafield ind1=" " ind2=" " tag="035"><subfield code="a">214357872</subfield><subfield code="9">ExL</subfield></datafield><datafield ind1=" " ind2=" " tag="035"><subfield code="a">(RERO)0627254-41slsp</subfield></datafield><datafield ind1=" " ind2=" " tag="035"><subfield code="a">(IDSBB)000094716DSV01</subfield></datafield><datafield ind1=" " ind2=" " tag="035"><subfield code="a">(NEBIS)004546669EBI01</subfield></datafield><datafield ind1=" " ind2=" " tag="035"><subfield code="a">(IDSLU)000115466ILU01</subfield></datafield><datafield ind1=" " ind2=" " tag="035"><subfield code="a">(ABN)000287801ABN01</subfield></datafield><datafield ind1=" " ind2=" " tag="035"><subfield code="a">(ALEX)bv00357187</subfield></datafield><datafield ind1=" " ind2=" " tag="035"><subfield code="a">(EXLNZ-41SLSP_NETWORK)991027152409705501</subfield></datafield><datafield ind1=" " ind2=" " tag="040"><subfield code="a">RERO geubfd</subfield><subfield code="d">CH-ZuSLS</subfield></datafield><datafield ind1="1" ind2=" " tag="041"><subfield code="a">ger</subfield><subfield code="h">fre</subfield></datafield><datafield ind1=" " ind2="7" tag="072"><subfield code="a">dr</subfield><subfield code="2">rero</subfield></datafield><datafield ind1=" " ind2="7" tag="072"><subfield code="a">rd</subfield><subfield code="2">SzZuIDS BS/BE</subfield></datafield><datafield ind1=" " ind2="7" tag="072"><subfield code="a">840</subfield><subfield code="2">IDS LU</subfield></datafield><datafield ind1="7" ind2="4" tag="082"><subfield code="a">340</subfield><subfield code="2">23sdnb</subfield></datafield><datafield ind1=" " ind2=" " tag="084"><subfield code="a">CA/CH 83 g</subfield><subfield code="2">cjurrom</subfield></datafield><datafield ind1=" " ind2=" " tag="084"><subfield code="a">PU 2665</subfield><subfield code="2">rvk</subfield></datafield><datafield ind1="1" ind2=" " tag="100"><subfield code="a">Viret, Bernard</subfield><subfield code="0">(IDREF)075085542</subfield><subfield code="4">cre</subfield></datafield><datafield ind1="1" ind2="0" tag="245"><subfield code="a">Privatversicherungsrecht</subfield><subfield code="c">Bernard Viret ; deutsche Übers. von Christoph Stalder</subfield></datafield><datafield ind1=" " ind2="1" tag="264"><subfield code="a">Zürich</subfield><subfield code="b">Verlag des Schweizerischen Kaufmännischen Verbandes</subfield><subfield code="c">1985</subfield></datafield><datafield ind1=" " ind2=" " tag="300"><subfield code="a">240 S.</subfield><subfield code="c">22 cm</subfield></datafield><datafield ind1=" " ind2=" " tag="336"><subfield code="b">txt</subfield><subfield code="2">rdacontent</subfield></datafield><datafield ind1=" " ind2=" " tag="337"><subfield code="b">n</subfield><subfield code="2">rdamedia</subfield></datafield><datafield ind1=" " ind2=" " tag="338"><subfield code="b">nc</subfield><subfield code="2">rdacarrier</subfield></datafield><datafield ind1="1" ind2=" " tag="490"><subfield code="a">Leitfäden für das Versicherungswesen</subfield></datafield><datafield ind1=" " ind2=" " tag="500"><subfield code="a">Originaltitel: Droit des assurances privées</subfield></datafield><datafield ind1=" " ind2=" " tag="504"><subfield code="a">Bibliogr</subfield></datafield><datafield ind1=" " ind2="7" tag="650"><subfield code="a">Assurance</subfield><subfield code="0">(IDREF)027462870</subfield><subfield code="2">idref</subfield></datafield><datafield ind1=" " ind2="7" tag="650"><subfield code="a">Droit</subfield><subfield code="0">(IDREF)027466868</subfield><subfield code="2">idref</subfield></datafield><datafield ind1=" " ind2="7" tag="650"><subfield code="a">Privatversicherungsrecht</subfield><subfield code="0">(DE-588)4115634-1</subfield><subfield code="2">gnd</subfield></datafield><datafield ind1=" " ind2="7" tag="650"><subfield code="a">Versicherungsaufsicht</subfield><subfield code="0">(DE-588)4063177-1</subfield><subfield code="2">gnd</subfield></datafield><datafield ind1=" " ind2="7" tag="650"><subfield code="a">Versicherungsvertrag</subfield><subfield code="0">(DE-588)4063204-0</subfield><subfield code="2">gnd</subfield></datafield><datafield ind1=" " ind2="7" tag="651"><subfield code="a">Suisse</subfield><subfield code="0">(IDREF)027249654</subfield><subfield code="2">idref</subfield></datafield><datafield ind1=" " ind2="7" tag="651"><subfield code="a">Schweiz</subfield><subfield code="0">(DE-588)4053881-3</subfield><subfield code="2">gnd</subfield></datafield><datafield ind1=" " ind2="7" tag="655"><subfield code="a">Manuels d'enseignement</subfield><subfield code="0">(IDREF)027446514</subfield><subfield code="2">idref</subfield></datafield><datafield ind1=" " ind2="7" tag="655"><subfield code="a">Lehrbuch</subfield><subfield code="2">gnd-content</subfield></datafield><datafield ind1=" " ind2=" " tag="690"><subfield code="a">Privatversicherungsrecht. Schweiz. A.D.</subfield><subfield code="2">rzs-L1</subfield></datafield><datafield ind1=" " ind2=" " tag="690"><subfield code="a">Versicherungsrecht. Schweiz, B: Privatversicherung</subfield><subfield code="2">rzs-L1</subfield></datafield><datafield ind1="1" ind2=" " tag="700"><subfield code="a">Stalder, Christoph</subfield><subfield code="0">(IDREF)104822546</subfield></datafield><datafield ind1="2" ind2=" " tag="710"><subfield code="a">Vereinigung für Berufsbildung der Schweizerischen Versicherungswirtschaft</subfield><subfield code="0">(DE-588)1088182208</subfield></datafield><datafield ind1=" " ind2="0" tag="830"><subfield code="a">Leitfäden für das Versicherungswesen</subfield><subfield code="n">Neue Folge</subfield><subfield code="v">3</subfield><subfield code="w">(IDSLU)000133254ILU01</subfield></datafield><datafield ind1=" " ind2="0" tag="830"><subfield code="a">Manuels d'Assurance</subfield><subfield code="p">Nouvelle série</subfield><subfield code="w">(RERO)0460538-41slsp</subfield></datafield><datafield ind1=" " ind2=" " tag="900"><subfield code="a">Stoppsignal FRED</subfield><subfield code="x">UBE/B465/202404</subfield></datafield><datafield ind1=" " ind2=" " tag="900"><subfield code="a">REROnoselfmerge</subfield></datafield><datafield ind1=" " ind2=" " tag="900"><subfield code="a">IDSZ2rwimon200307i</subfield><subfield code="c">IDSZ2buche 030701</subfield><subfield code="d">IDSZ2rwiswk200307b</subfield><subfield code="e">IDSZ2mash</subfield></datafield></record>
</metadata></record>