<record><header><identifier>oai:alma.41SLSP_UGE:991000025509705502</identifier><datestamp>2023-07-29T00:17:55Z</datestamp><setSpec>uge_bcen_RapidILL_BOOK</setSpec><setSpec>uge_aaca_RapidILL_BOOK</setSpec><setSpec>uge_abels_RapidILL_BOOK</setSpec><setSpec>uge_dbu_RapidILL_BOOK</setSpec><setSpec>uge_cmu_RapidILL_BOOK</setSpec><setSpec>uge_mail_RapidILL_BOOK</setSpec><setSpec>uge_abbat_RapidILL_BOOK</setSpec><setSpec>UNIGE_ALL</setSpec><setSpec>uge_aobs_RapidILL_BOOK</setSpec><setSpec>uge_acar_RapidILL_BOOK</setSpec></header><metadata>
<record xmlns="http://www.loc.gov/MARC21/slim" xmlns:xsi="http://www.w3.org/2001/XMLSchema-instance" xsi:schemaLocation="http://www.loc.gov/MARC21/slim http://www.loc.gov/standards/marcxml/schema/MARC21slim.xsd"><leader>02702nam a2200733 c 4500</leader><controlfield tag="001">991000025509705502</controlfield><controlfield tag="005">20230728183447.0</controlfield><controlfield tag="008">201011s2004    xxu           00| | eng  </controlfield><datafield ind1=" " ind2=" " tag="010"><subfield code="a">2003008658</subfield></datafield><datafield ind1=" " ind2=" " tag="020"><subfield code="a">1853596477</subfield><subfield code="q">hard. : alk. paper</subfield></datafield><datafield ind1=" " ind2=" " tag="020"><subfield code="a">1853596469</subfield><subfield code="q">pbk. : alk. paper</subfield></datafield><datafield ind1=" " ind2=" " tag="035"><subfield code="a">(swissbib)223263885-41slsp_network</subfield></datafield><datafield ind1=" " ind2=" " tag="035"><subfield code="a">223263885</subfield><subfield code="9">ExL</subfield></datafield><datafield ind1=" " ind2=" " tag="035"><subfield code="a">(IDSBB)003185033DSV01</subfield></datafield><datafield ind1=" " ind2=" " tag="035"><subfield code="a">(RERO)R003656237-41slsp</subfield></datafield><datafield ind1=" " ind2=" " tag="035"><subfield code="a">(SBT)000415636SBT01</subfield></datafield><datafield ind1=" " ind2=" " tag="035"><subfield code="a">(NEBIS)004528374EBI01</subfield></datafield><datafield ind1=" " ind2=" " tag="035"><subfield code="a">(EXLNZ-41SLSP_NETWORK)991050637189705501</subfield></datafield><datafield ind1=" " ind2=" " tag="040"><subfield code="a">DLC</subfield><subfield code="e">kids</subfield><subfield code="d">CH-ZuSLS</subfield></datafield><datafield ind1=" " ind2=" " tag="050"><subfield code="a">P115</subfield><subfield code="b">.N44 2003</subfield></datafield><datafield ind1=" " ind2="7" tag="072"><subfield code="a">lg</subfield><subfield code="2">rero</subfield></datafield><datafield ind1=" " ind2="7" tag="072"><subfield code="a">ss</subfield><subfield code="2">rero</subfield></datafield><datafield ind1="1" ind2=" " tag="080"><subfield code="a">801:3</subfield></datafield><datafield ind1="0" ind2="0" tag="082"><subfield code="a">306.44/6</subfield><subfield code="2">21</subfield></datafield><datafield ind1="0" ind2="4" tag="082"><subfield code="a">306.44 6</subfield><subfield code="2">21</subfield></datafield><datafield ind1=" " ind2=" " tag="084"><subfield code="a">ES 129</subfield><subfield code="2">rvk</subfield></datafield><datafield ind1=" " ind2=" " tag="084"><subfield code="a">ES 132</subfield><subfield code="2">rvk</subfield></datafield><datafield ind1="0" ind2="0" tag="245"><subfield code="a">Negotiation of identities in multilingual contexts</subfield><subfield code="c">edited by Aneta Pavlenko and Adrian Blackledge</subfield></datafield><datafield ind1=" " ind2="1" tag="264"><subfield code="a">Clevedon, UK</subfield><subfield code="b">Multilingual Matters</subfield><subfield code="c">2004</subfield></datafield><datafield ind1=" " ind2="4" tag="264"><subfield code="c">© 2004</subfield></datafield><datafield ind1=" " ind2=" " tag="300"><subfield code="a">X, 349 p.</subfield><subfield code="c">21 cm</subfield></datafield><datafield ind1=" " ind2=" " tag="336"><subfield code="b">txt</subfield><subfield code="2">rdacontent</subfield></datafield><datafield ind1=" " ind2=" " tag="337"><subfield code="b">n</subfield><subfield code="2">rdamedia</subfield></datafield><datafield ind1=" " ind2=" " tag="338"><subfield code="b">nc</subfield><subfield code="2">rdacarrier</subfield></datafield><datafield ind1="1" ind2=" " tag="490"><subfield code="a">Bilingual education and bilingualism</subfield><subfield code="v">45</subfield></datafield><datafield ind1=" " ind2=" " tag="504"><subfield code="a">Includes bibliographical references and index</subfield></datafield><datafield ind1=" " ind2="7" tag="650"><subfield code="a">Discrimination</subfield><subfield code="0">(IDREF)027803465</subfield><subfield code="2">idref</subfield></datafield><datafield ind1=" " ind2="7" tag="650"><subfield code="a">Multilinguisme</subfield><subfield code="0">(IDREF)027291421</subfield><subfield code="2">idref</subfield></datafield><datafield ind1=" " ind2="7" tag="650"><subfield code="a">Identité collective</subfield><subfield code="0">(IDREF)029251133</subfield><subfield code="2">idref</subfield></datafield><datafield ind1=" " ind2="7" tag="650"><subfield code="a">Identität</subfield><subfield code="0">(DE-588)4026482-8</subfield><subfield code="2">gnd</subfield></datafield><datafield ind1=" " ind2="7" tag="650"><subfield code="a">Selbstbewusstsein</subfield><subfield code="0">(DE-588)4054392-4</subfield><subfield code="2">gnd</subfield></datafield><datafield ind1=" " ind2="7" tag="650"><subfield code="a">Sprachliche Minderheit</subfield><subfield code="0">(DE-588)4131504-2</subfield><subfield code="2">gnd</subfield></datafield><datafield ind1=" " ind2="7" tag="650"><subfield code="a">Zweisprachigkeit</subfield><subfield code="0">(DE-588)4068227-4</subfield><subfield code="2">gnd</subfield></datafield><datafield ind1=" " ind2="0" tag="650"><subfield code="a">Multilingualism</subfield></datafield><datafield ind1=" " ind2="0" tag="650"><subfield code="a">Identity (Psychology)</subfield></datafield><datafield ind1=" " ind2="7" tag="650"><subfield code="a">Mehrsprachigkeit</subfield><subfield code="2">idszbz</subfield></datafield><datafield ind1=" " ind2="7" tag="650"><subfield code="a">Mehrsprachigkeit</subfield><subfield code="0">(DE-588)4038403-2</subfield><subfield code="2">gnd</subfield></datafield><datafield ind1=" " ind2="7" tag="650"><subfield code="a">Identität</subfield><subfield code="2">idszbz</subfield></datafield><datafield ind1=" " ind2="0" tag="650"><subfield code="a">Identity (Philosophical concept)</subfield></datafield><datafield ind1=" " ind2="0" tag="650"><subfield code="a">Multilingualism</subfield><subfield code="x">Social aspects</subfield></datafield><datafield ind1=" " ind2="0" tag="650"><subfield code="a">Sociolinguistics</subfield></datafield><datafield ind1=" " ind2="7" tag="655"><subfield code="a">Aufsatzsammlung</subfield><subfield code="2">gnd-content</subfield></datafield><datafield ind1=" " ind2="7" tag="655"><subfield code="a">Aufsatzsammlung</subfield><subfield code="2">idszbz</subfield></datafield><datafield ind1=" " ind2=" " tag="690"><subfield code="a">Langues en contact. Bilinguisme</subfield><subfield code="2">ubs-AQ</subfield></datafield><datafield ind1=" " ind2=" " tag="690"><subfield code="a">Identité</subfield><subfield code="2">ubs-AQ</subfield></datafield><datafield ind1=" " ind2=" " tag="691"><subfield code="e">306.446</subfield><subfield code="a">Bilinguismo e multilinguismo</subfield><subfield code="2">usi-TE</subfield></datafield><datafield ind1="1" ind2=" " tag="700"><subfield code="a">Blackledge, Adrian</subfield><subfield code="d">1959-</subfield><subfield code="0">(DE-588)1046824996</subfield></datafield><datafield ind1="1" ind2=" " tag="700"><subfield code="6">880-03</subfield><subfield code="a">Pavlenko, Aneta</subfield><subfield code="d">1963-</subfield><subfield code="0">(DE-588)137660944</subfield></datafield><datafield ind1="1" ind2=" " tag="880"><subfield code="6">700-03</subfield><subfield code="a">Pavlenko, Aneta</subfield><subfield code="d">1963-....</subfield><subfield code="0">(IDREF)059801743</subfield></datafield><datafield ind1=" " ind2="0" tag="830"><subfield code="a">Bilingual education and bilingualism</subfield><subfield code="v">45</subfield><subfield code="w">(NEBIS)001518702EBI01</subfield></datafield><datafield ind1=" " ind2="0" tag="830"><subfield code="a">Bilingual education and bilingualism</subfield><subfield code="v">45</subfield><subfield code="w">(RERO)2042872-41slsp</subfield></datafield><datafield ind1=" " ind2=" " tag="900"><subfield code="a">REROnoselfmerge</subfield></datafield><datafield ind1=" " ind2=" " tag="900"><subfield code="a">IDSZ2zbzmon200405f</subfield><subfield code="c">IDSZ2kobe</subfield><subfield code="d">IDSZ2zbzswk200408b</subfield><subfield code="e">IDSZ2groc</subfield></datafield><datafield ind1=" " ind2=" " tag="900"><subfield code="a">IDSE5E51ANH-2005</subfield></datafield><datafield ind1=" " ind2=" " tag="911"><subfield code="a">1 $aPavlenko, Aneta,$d1963-</subfield></datafield></record>
</metadata></record>