<record><header><identifier>oai:alma.41SLSP_UGE:991000025219705502</identifier><datestamp>2023-04-08T00:24:42Z</datestamp><setSpec>uge_bcen_RapidILL_BOOK</setSpec><setSpec>uge_aaca_RapidILL_BOOK</setSpec><setSpec>uge_abels_RapidILL_BOOK</setSpec><setSpec>uge_dbu_RapidILL_BOOK</setSpec><setSpec>uge_cmu_RapidILL_BOOK</setSpec><setSpec>uge_mail_RapidILL_BOOK</setSpec><setSpec>uge_abbat_RapidILL_BOOK</setSpec><setSpec>UNIGE_ALL</setSpec><setSpec>uge_acar_RapidILL_BOOK</setSpec><setSpec>uge_aobs_RapidILL_BOOK</setSpec></header><metadata>
<record xmlns="http://www.loc.gov/MARC21/slim" xmlns:xsi="http://www.w3.org/2001/XMLSchema-instance" xsi:schemaLocation="http://www.loc.gov/MARC21/slim http://www.loc.gov/standards/marcxml/schema/MARC21slim.xsd"><leader>02337nam a2200541 c 4500</leader><controlfield tag="001">991000025219705502</controlfield><controlfield tag="005">20230407201658.0</controlfield><controlfield tag="008">201012s2010    xr ||||| |||| 00| ||eng d</controlfield><datafield ind1=" " ind2=" " tag="020"><subfield code="a">8073083469</subfield><subfield code="c">(hd.bd.)</subfield></datafield><datafield ind1=" " ind2=" " tag="020"><subfield code="a">9788073083465</subfield><subfield code="c">(hd.bd.)</subfield></datafield><datafield ind1="7" ind2=" " tag="024"><subfield code="a">http://catalogue.bnf.fr/ark:/12148/cb45532178b</subfield><subfield code="2">uri</subfield></datafield><datafield ind1=" " ind2=" " tag="035"><subfield code="a">(swissbib)237577860-41slsp_network</subfield></datafield><datafield ind1=" " ind2=" " tag="035"><subfield code="a">237577860</subfield><subfield code="9">ExL</subfield></datafield><datafield ind1=" " ind2=" " tag="035"><subfield code="a">(RERO)R007478300-41slsp</subfield></datafield><datafield ind1=" " ind2=" " tag="035"><subfield code="a">(NEBIS)009993613EBI01</subfield></datafield><datafield ind1=" " ind2=" " tag="035"><subfield code="a">(OCoLC)822992063</subfield></datafield><datafield ind1=" " ind2=" " tag="035"><subfield code="a">(EXLNZ-41SLSP_NETWORK)991143092019705501</subfield></datafield><datafield ind1=" " ind2=" " tag="040"><subfield code="a">DE-604</subfield><subfield code="d">CH-ZuSLS</subfield></datafield><datafield ind1=" " ind2=" " tag="050"><subfield code="a">DT73.A14</subfield><subfield code="b">K745 2010</subfield></datafield><datafield ind1=" " ind2="7" tag="072"><subfield code="a">ar</subfield><subfield code="2">rero</subfield></datafield><datafield ind1="0" ind2="4" tag="082"><subfield code="a">720</subfield></datafield><datafield ind1="1" ind2=" " tag="100"><subfield code="a">Krejčí, Jaromír</subfield><subfield code="d">1971-....</subfield><subfield code="0">(IDREF)081619316</subfield><subfield code="4">cre</subfield></datafield><datafield ind1="1" ind2="0" tag="245"><subfield code="a">&lt;&lt;The&gt;&gt; royal necropolis in Abusir</subfield><subfield code="b">excavations of the Czech Institute of Egyptology</subfield><subfield code="c">Jaromir Krejci, with a contribution of Vaclav Cilek... [et al.]</subfield></datafield><datafield ind1=" " ind2="1" tag="264"><subfield code="a">Prague</subfield><subfield code="b">Charles Univ. in Prague, Faculty of Arts</subfield><subfield code="c">2010</subfield></datafield><datafield ind1=" " ind2=" " tag="300"><subfield code="a">xvi, 205 p., 8 p. of plates</subfield><subfield code="b">ill. (some col.)</subfield></datafield><datafield ind1=" " ind2=" " tag="336"><subfield code="b">txt</subfield><subfield code="2">rdacontent</subfield></datafield><datafield ind1=" " ind2=" " tag="337"><subfield code="b">n</subfield><subfield code="2">rdamedia</subfield></datafield><datafield ind1=" " ind2=" " tag="338"><subfield code="b">nc</subfield><subfield code="2">rdacarrier</subfield></datafield><datafield ind1="1" ind2=" " tag="490"><subfield code="a">Abusir</subfield><subfield code="v">18</subfield></datafield><datafield ind1="1" ind2=" " tag="490"><subfield code="a">Excavations of the Czech Institute of Egyptology</subfield></datafield><datafield ind1=" " ind2=" " tag="504"><subfield code="a">Includes bibliographical references (ix-xvi) and index</subfield></datafield><datafield ind1=" " ind2="7" tag="650"><subfield code="a">Pyramides</subfield><subfield code="0">(IDREF)027241785</subfield><subfield code="2">idref</subfield></datafield><datafield ind1=" " ind2="7" tag="650"><subfield code="a">Tombes</subfield><subfield code="0">(IDREF)027265161</subfield><subfield code="2">idref</subfield></datafield><datafield ind1=" " ind2="7" tag="650"><subfield code="a">Gräberfeld</subfield><subfield code="0">(DE-588)4071980-7</subfield><subfield code="2">gnd</subfield></datafield><datafield ind1=" " ind2="7" tag="650"><subfield code="a">König</subfield><subfield code="0">(DE-588)4031516-2</subfield><subfield code="2">gnd</subfield></datafield><datafield ind1=" " ind2="7" tag="650"><subfield code="a">Archäologische Stätte</subfield><subfield code="0">(DE-588)4318315-3</subfield><subfield code="2">gnd</subfield></datafield><datafield ind1=" " ind2="0" tag="650"><subfield code="a">Tombs</subfield><subfield code="z">Egypt</subfield><subfield code="z">Abu Sir Site (Jīzah)</subfield></datafield><datafield ind1=" " ind2="0" tag="650"><subfield code="a">Excavations (Archaeology)</subfield><subfield code="z">Egypt</subfield><subfield code="z">Abu Sir Site (Jīzah)</subfield></datafield><datafield ind1=" " ind2="7" tag="651"><subfield code="a">Abusir</subfield><subfield code="0">(DE-588)4000298-6</subfield><subfield code="2">gnd</subfield></datafield><datafield ind1=" " ind2="0" tag="651"><subfield code="a">Abu Sir Site (Jīzah, Egypt)</subfield></datafield><datafield ind1="1" ind2=" " tag="700"><subfield code="a">Cílek, Václav</subfield><subfield code="d">1955-...</subfield><subfield code="0">(IDREF)113907885</subfield></datafield><datafield ind1="4" ind2=" " tag="856"><subfield code="3">Titelblatt und Inhaltsverzeichnis</subfield><subfield code="u">https://toc.library.ethz.ch/objects/pdf03/z06_978-80-7308-346-5_01.pdf</subfield><subfield code="q">pdf</subfield></datafield><datafield ind1=" " ind2="0" tag="830"><subfield code="a">&lt;&lt;The&gt;&gt; excavations of the Czechoslovak Institute of Egyptology at Abusir</subfield><subfield code="w">(RERO)1151177-41slsp</subfield></datafield><datafield ind1=" " ind2="0" tag="830"><subfield code="a">Abusir</subfield><subfield code="v">18</subfield><subfield code="w">(NEBIS)000995225EBI01</subfield></datafield><datafield ind1=" " ind2="0" tag="830"><subfield code="a">Abusir</subfield><subfield code="v">18</subfield><subfield code="w">(RERO)1739671-41slsp</subfield></datafield><datafield ind1=" " ind2=" " tag="900"><subfield code="a">REROnoselfmerge</subfield></datafield><datafield ind1=" " ind2=" " tag="900"><subfield code="a">IDSZ2zbzmon201311f</subfield><subfield code="c">IDSZ2kalh</subfield><subfield code="d">IDSZ2zbzswk201311b</subfield><subfield code="e">IDSZ2brue</subfield></datafield><datafield ind1=" " ind2=" " tag="910"><subfield code="a">OCoLC</subfield><subfield code="b">20130918</subfield><subfield code="c">Droits réservés</subfield></datafield><datafield ind1=" " ind2=" " tag="949"><subfield code="a">https://toc.library.ethz.ch/objects/pdf03/z06_978-80-7308-346-5_01.pdf</subfield></datafield></record>
</metadata></record>