<record><header><identifier>oai:alma.41SLSP_UGE:991000025629705502</identifier><datestamp>2023-04-11T00:11:40Z</datestamp><setSpec>uge_bcen_RapidILL_BOOK</setSpec><setSpec>uge_aaca_RapidILL_BOOK</setSpec><setSpec>uge_abels_RapidILL_BOOK</setSpec><setSpec>uge_dbu_RapidILL_BOOK</setSpec><setSpec>uge_cmu_RapidILL_BOOK</setSpec><setSpec>uge_mail_RapidILL_BOOK</setSpec><setSpec>uge_abbat_RapidILL_BOOK</setSpec><setSpec>UNIGE_ALL</setSpec><setSpec>uge_aobs_RapidILL_BOOK</setSpec><setSpec>uge_acar_RapidILL_BOOK</setSpec></header><metadata>
<record xmlns="http://www.loc.gov/MARC21/slim" xmlns:xsi="http://www.w3.org/2001/XMLSchema-instance" xsi:schemaLocation="http://www.loc.gov/MARC21/slim http://www.loc.gov/standards/marcxml/schema/MARC21slim.xsd"><leader>02184nam a2200409uc 4500</leader><controlfield tag="001">991000025629705502</controlfield><controlfield tag="005">20230410140542.0</controlfield><controlfield tag="008">201012s1992    xxu    |      10| ||eng|d</controlfield><datafield ind1=" " ind2=" " tag="010"><subfield code="a">92071021</subfield></datafield><datafield ind1=" " ind2=" " tag="020"><subfield code="a">0937707430</subfield></datafield><datafield ind1=" " ind2=" " tag="035"><subfield code="a">(swissbib)239970438-41slsp_network</subfield></datafield><datafield ind1=" " ind2=" " tag="035"><subfield code="a">239970438</subfield><subfield code="9">ExL</subfield></datafield><datafield ind1=" " ind2=" " tag="035"><subfield code="a">(NEBIS)000650129EBI01</subfield></datafield><datafield ind1=" " ind2=" " tag="035"><subfield code="a">(RERO)1573152-41slsp</subfield></datafield><datafield ind1=" " ind2=" " tag="035"><subfield code="a">(EXLNZ-41SLSP_NETWORK)991053415019705501</subfield></datafield><datafield ind1=" " ind2=" " tag="040"><subfield code="a">ETH-BIB</subfield><subfield code="b">ger</subfield><subfield code="e">ETHICS-ISBD</subfield><subfield code="d">CH-ZuSLS</subfield></datafield><datafield ind1=" " ind2="7" tag="072"><subfield code="a">as</subfield><subfield code="2">rero</subfield></datafield><datafield ind1="0" ind2="0" tag="245"><subfield code="a">Cosmology and large-scale structure in the universe</subfield><subfield code="c">ed. by Reinaldo R. de Carvalho</subfield></datafield><datafield ind1=" " ind2="1" tag="264"><subfield code="a">San Francisco, California</subfield><subfield code="b">Astronomical Society of the Pacific</subfield><subfield code="c">1992</subfield></datafield><datafield ind1=" " ind2=" " tag="300"><subfield code="a">225 S.</subfield><subfield code="c">24 cm</subfield><subfield code="b">Ill.</subfield></datafield><datafield ind1=" " ind2=" " tag="336"><subfield code="b">txt</subfield><subfield code="2">rdacontent</subfield></datafield><datafield ind1=" " ind2=" " tag="337"><subfield code="b">n</subfield><subfield code="2">rdamedia</subfield></datafield><datafield ind1=" " ind2=" " tag="338"><subfield code="b">nc</subfield><subfield code="2">rdacarrier</subfield></datafield><datafield ind1="1" ind2=" " tag="490"><subfield code="a">Astronomical Society of the Pacific conference series</subfield><subfield code="v">vol. 24</subfield></datafield><datafield ind1=" " ind2=" " tag="500"><subfield code="a">&quot;This volume is the proceedings of a Workshop on Cosmology and Large Scale Structure in the Universe held in Rio de Janeiro at the Observatório Nacional from July 15 to July 18, 1991. This event was part of the 43rd Annual Meeting of the Brazilian Society for the Advancement of Science&quot;</subfield></datafield><datafield ind1=" " ind2="7" tag="650"><subfield code="a">GALAXIEN + EXTRAGALAKTISCHE SYSTEME (ASTRONOMIE)</subfield><subfield code="9">ger</subfield><subfield code="0">(ETHUDK)000014096</subfield><subfield code="2">ethudk</subfield></datafield><datafield ind1=" " ind2="7" tag="650"><subfield code="a">KOSMOLOGIE (ASTRONOMIE)</subfield><subfield code="9">ger</subfield><subfield code="0">(ETHUDK)000014104</subfield><subfield code="2">ethudk</subfield></datafield><datafield ind1=" " ind2="7" tag="650"><subfield code="a">SPEZIELLE KOSMOLOGISCHE HYPOTHESEN (ASTRONOMIE)</subfield><subfield code="9">ger</subfield><subfield code="0">(ETHUDK)000014112</subfield><subfield code="2">ethudk</subfield></datafield><datafield ind1=" " ind2="7" tag="650"><subfield code="a">Cosmologie</subfield><subfield code="0">(IDREF)027231011</subfield><subfield code="2">idref</subfield></datafield><datafield ind1=" " ind2="7" tag="650"><subfield code="a">Structure à grande échelle (astronomie)</subfield><subfield code="0">(IDREF)050481134</subfield><subfield code="2">idref</subfield></datafield><datafield ind1=" " ind2="7" tag="655"><subfield code="a">Konferenzschrift</subfield><subfield code="z">Rio de Janeiro</subfield><subfield code="y">1991/07</subfield><subfield code="2">gnd-content</subfield></datafield><datafield ind1=" " ind2="7" tag="655"><subfield code="a">Actes de congrès</subfield><subfield code="0">(IDREF)02886431X</subfield><subfield code="2">idref</subfield></datafield><datafield ind1="1" ind2=" " tag="700"><subfield code="a">Carvalho, Reinaldo R. de</subfield><subfield code="0">(IDREF)050786814</subfield></datafield><datafield ind1="2" ind2=" " tag="710"><subfield code="a">Sociedade Brasileira para o Progresso da Ciência</subfield><subfield code="0">(DE-588)1033748-9</subfield></datafield><datafield ind1="2" ind2=" " tag="711"><subfield code="a">Workshop on Cosmology and Large Scale Structure in the Universe</subfield><subfield code="d">1991</subfield><subfield code="c">Rio de Janeiro</subfield><subfield code="0">(DE-588)5143063-0</subfield></datafield><datafield ind1="2" ind2=" " tag="711"><subfield code="a">Annual Meeting of the Brazilian Society for the Advancement of Science</subfield><subfield code="n">43</subfield><subfield code="d">1991</subfield><subfield code="c">Rio de Janeiro</subfield><subfield code="0">(DE-588)1091291187</subfield></datafield><datafield ind1=" " ind2=" " tag="830"><subfield code="a">Astronomical Society of the Pacific conference series</subfield><subfield code="v">24</subfield><subfield code="w">(RERO)1163261-41slsp</subfield></datafield><datafield ind1=" " ind2=" " tag="900"><subfield code="a">REROnoselfmerge</subfield></datafield><datafield ind1=" " ind2=" " tag="961"><subfield code="2">ge-obs</subfield><subfield code="a">24.53</subfield><subfield code="9">LOCAL</subfield></datafield><datafield ind1=" " ind2=" " tag="961"><subfield code="2">ge-obs</subfield><subfield code="a">21.81</subfield><subfield code="9">LOCAL</subfield></datafield></record>
</metadata></record>