<record><header><identifier>oai:alma.41SLSP_UGE:991000025519705502</identifier><datestamp>2023-03-01T01:09:01Z</datestamp><setSpec>uge_bcen_RapidILL_BOOK</setSpec><setSpec>uge_aaca_RapidILL_BOOK</setSpec><setSpec>uge_abels_RapidILL_BOOK</setSpec><setSpec>uge_dbu_RapidILL_BOOK</setSpec><setSpec>uge_cmu_RapidILL_BOOK</setSpec><setSpec>uge_mail_RapidILL_BOOK</setSpec><setSpec>UNIGE_ALL</setSpec><setSpec>uge_abbat_RapidILL_BOOK</setSpec><setSpec>uge_acar_RapidILL_BOOK</setSpec><setSpec>uge_aobs_RapidILL_BOOK</setSpec></header><metadata>
<record xmlns="http://www.loc.gov/MARC21/slim" xmlns:xsi="http://www.w3.org/2001/XMLSchema-instance" xsi:schemaLocation="http://www.loc.gov/MARC21/slim http://www.loc.gov/standards/marcxml/schema/MARC21slim.xsd"><leader>02016nam a2200565 c 4500</leader><controlfield tag="001">991000025519705502</controlfield><controlfield tag="005">20230121193137.0</controlfield><controlfield tag="008">201011s1989    it ||||| |||| 00| ||ita d</controlfield><datafield ind1=" " ind2=" " tag="020"><subfield code="a">8804319917</subfield></datafield><datafield ind1=" " ind2=" " tag="035"><subfield code="a">(swissbib)212484834-41slsp_network</subfield></datafield><datafield ind1=" " ind2=" " tag="035"><subfield code="a">212484834</subfield><subfield code="9">ExL</subfield></datafield><datafield ind1=" " ind2=" " tag="035"><subfield code="a">(RERO)1109282-41slsp</subfield></datafield><datafield ind1=" " ind2=" " tag="035"><subfield code="a">(NEBIS)001085586EBI01</subfield></datafield><datafield ind1=" " ind2=" " tag="035"><subfield code="a">(EXLNZ-41SLSP_NETWORK)991108454599705501</subfield></datafield><datafield ind1=" " ind2=" " tag="040"><subfield code="a">RERO geulit</subfield><subfield code="d">CH-ZuSLS</subfield></datafield><datafield ind1=" " ind2="7" tag="072"><subfield code="a">it</subfield><subfield code="2">rero</subfield></datafield><datafield ind1="0" ind2="4" tag="082"><subfield code="a">398.2094538</subfield></datafield><datafield ind1="0" ind2="0" tag="245"><subfield code="a">Fiabe del Trentino-Alto Adige</subfield><subfield code="c">scelte e tradotte da Brunamaria Dal Lago ; presentate da Mario Rigoni Stern</subfield></datafield><datafield ind1=" " ind2="1" tag="264"><subfield code="a">Milano</subfield><subfield code="b">A. Mondadori</subfield><subfield code="c">1989</subfield></datafield><datafield ind1=" " ind2=" " tag="300"><subfield code="a">238 p.</subfield><subfield code="c">19 cm</subfield></datafield><datafield ind1=" " ind2=" " tag="336"><subfield code="b">txt</subfield><subfield code="2">rdacontent</subfield></datafield><datafield ind1=" " ind2=" " tag="337"><subfield code="b">n</subfield><subfield code="2">rdamedia</subfield></datafield><datafield ind1=" " ind2=" " tag="338"><subfield code="b">nc</subfield><subfield code="2">rdacarrier</subfield></datafield><datafield ind1="1" ind2=" " tag="490"><subfield code="a">Fiabe regionali italiane</subfield></datafield><datafield ind1="1" ind2=" " tag="490"><subfield code="a">Oscar</subfield><subfield code="v">2102</subfield></datafield><datafield ind1="1" ind2=" " tag="490"><subfield code="a">Narrativa</subfield><subfield code="v">965</subfield></datafield><datafield ind1=" " ind2=" " tag="504"><subfield code="a">Literaturangaben</subfield></datafield><datafield ind1=" " ind2="7" tag="650"><subfield code="a">Contes italiens du Trentin-Haut-Adige</subfield><subfield code="0">(RERO)A027729602</subfield><subfield code="2">rero</subfield></datafield><datafield ind1=" " ind2="7" tag="650"><subfield code="a">Deutsch</subfield><subfield code="2">idszbz</subfield></datafield><datafield ind1=" " ind2="7" tag="650"><subfield code="a">Ladinisch</subfield><subfield code="2">idszbz</subfield></datafield><datafield ind1=" " ind2="7" tag="650"><subfield code="a">Italienisch</subfield><subfield code="2">idszbz</subfield></datafield><datafield ind1=" " ind2="7" tag="650"><subfield code="a">Märchen</subfield><subfield code="2">idszbz</subfield></datafield><datafield ind1=" " ind2="7" tag="650"><subfield code="a">Deutsch</subfield><subfield code="0">(DE-588)4113292-0</subfield><subfield code="2">gnd</subfield></datafield><datafield ind1=" " ind2="7" tag="650"><subfield code="a">Märchen</subfield><subfield code="0">(DE-588)4036910-9</subfield><subfield code="2">gnd</subfield></datafield><datafield ind1=" " ind2="0" tag="650"><subfield code="a">Germans</subfield><subfield code="z">Italy</subfield><subfield code="z">Trentino-Alto Adige</subfield><subfield code="v">Folklore</subfield></datafield><datafield ind1=" " ind2="0" tag="650"><subfield code="a">Ladins</subfield><subfield code="z">Italy</subfield><subfield code="z">Trentino-Alto Adige</subfield><subfield code="v">Folklore</subfield></datafield><datafield ind1=" " ind2="0" tag="650"><subfield code="a">Tales</subfield><subfield code="z">Italy</subfield><subfield code="z">Trentino-Alto Adige</subfield></datafield><datafield ind1=" " ind2="7" tag="651"><subfield code="a">Trentino-Südtirol</subfield><subfield code="2">idszbz</subfield></datafield><datafield ind1=" " ind2="7" tag="651"><subfield code="a">Südtirol</subfield><subfield code="0">(DE-588)4078047-8</subfield><subfield code="2">gnd</subfield></datafield><datafield ind1=" " ind2="7" tag="651"><subfield code="a">Trentino</subfield><subfield code="0">(DE-588)4078397-2</subfield><subfield code="2">gnd</subfield></datafield><datafield ind1=" " ind2="7" tag="655"><subfield code="a">Anthologies</subfield><subfield code="0">(IDREF)027269493</subfield><subfield code="2">idref</subfield></datafield><datafield ind1=" " ind2="7" tag="655"><subfield code="a">Anthologie</subfield><subfield code="2">idszbz</subfield></datafield><datafield ind1=" " ind2="7" tag="655"><subfield code="a">Ausgabe</subfield><subfield code="2">idszbz</subfield></datafield><datafield ind1=" " ind2="7" tag="655"><subfield code="a">Anthologie</subfield><subfield code="2">gnd-content</subfield></datafield><datafield ind1="1" ind2=" " tag="700"><subfield code="a">Dal Lago, Bruna</subfield><subfield code="d">1935-</subfield><subfield code="0">(DE-588)113052006</subfield></datafield><datafield ind1="1" ind2=" " tag="700"><subfield code="a">Dal Lago Veneri, Brunamaria</subfield><subfield code="0">(RERO)A003151869</subfield></datafield><datafield ind1=" " ind2="0" tag="830"><subfield code="a">Fiabe Regionali Italiane</subfield></datafield><datafield ind1=" " ind2=" " tag="830"><subfield code="a">Narrativa</subfield><subfield code="p">Mondadori Italia</subfield><subfield code="v">965</subfield><subfield code="w">(RERO)0732205-41slsp</subfield></datafield><datafield ind1=" " ind2=" " tag="830"><subfield code="a">&lt;&lt;Gli&gt;&gt; Oscar</subfield><subfield code="v">2102</subfield><subfield code="w">(NEBIS)000995261EBI01</subfield></datafield><datafield ind1=" " ind2=" " tag="830"><subfield code="a">Oscar narrativa</subfield><subfield code="v">965</subfield><subfield code="w">(NEBIS)000995262EBI01</subfield></datafield><datafield ind1=" " ind2=" " tag="900"><subfield code="a">REROnoselfmerge</subfield></datafield><datafield ind1=" " ind2=" " tag="993"><subfield code="a">BFLA 36362</subfield><subfield code="x">ge/ulit/a/89/204</subfield><subfield code="9">LOCAL</subfield></datafield></record>
</metadata></record>