<record><header><identifier>oai:alma.41SLSP_UGE:991000025209705502</identifier><datestamp>2023-03-01T01:09:01Z</datestamp><setSpec>uge_bcen_RapidILL_BOOK</setSpec><setSpec>uge_aaca_RapidILL_BOOK</setSpec><setSpec>uge_abels_RapidILL_BOOK</setSpec><setSpec>uge_dbu_RapidILL_BOOK</setSpec><setSpec>uge_cmu_RapidILL_BOOK</setSpec><setSpec>uge_mail_RapidILL_BOOK</setSpec><setSpec>UNIGE_ALL</setSpec><setSpec>uge_abbat_RapidILL_BOOK</setSpec><setSpec>uge_aobs_RapidILL_BOOK</setSpec><setSpec>uge_acar_RapidILL_BOOK</setSpec></header><metadata>
<record xmlns="http://www.loc.gov/MARC21/slim" xmlns:xsi="http://www.w3.org/2001/XMLSchema-instance" xsi:schemaLocation="http://www.loc.gov/MARC21/slim http://www.loc.gov/standards/marcxml/schema/MARC21slim.xsd"><leader>01288naa a2200301 c 4500</leader><controlfield tag="001">991000025209705502</controlfield><controlfield tag="005">20211114152012.0</controlfield><controlfield tag="008">060213s1910    sz ||||| |||| 00| ||fre d</controlfield><datafield ind1=" " ind2=" " tag="035"><subfield code="a">(swissbib)102965196-41slsp_network</subfield></datafield><datafield ind1=" " ind2=" " tag="035"><subfield code="a">102965196</subfield><subfield code="9">ExL</subfield></datafield><datafield ind1=" " ind2=" " tag="035"><subfield code="a">(RERO)R003991253-41slsp</subfield></datafield><datafield ind1=" " ind2=" " tag="035"><subfield code="a">(EXLNZ-41SLSP_NETWORK)991002268499705501</subfield></datafield><datafield ind1=" " ind2=" " tag="040"><subfield code="a">RERO gevbpu</subfield><subfield code="d">CH-ZuSLS</subfield></datafield><datafield ind1=" " ind2=" " tag="044"><subfield code="a">sz</subfield><subfield code="c">ch-ge</subfield></datafield><datafield ind1=" " ind2="7" tag="072"><subfield code="a">py</subfield><subfield code="2">rero</subfield></datafield><datafield ind1="1" ind2=" " tag="100"><subfield code="a">Guye, Charles-Eugène</subfield><subfield code="d">1866-1942</subfield><subfield code="0">(IDREF)079176941</subfield><subfield code="4">cre</subfield></datafield><datafield ind1="1" ind2="0" tag="245"><subfield code="a">Sur le rottement intérieur des solides aux basses températures</subfield><subfield code="c">par C.-E. Guye et V. Fréedericksz</subfield></datafield><datafield ind1="1" ind2=" " tag="246"><subfield code="a">Frottement intérieur des solides aux basses températures</subfield></datafield><datafield ind1=" " ind2=" " tag="336"><subfield code="b">txt</subfield><subfield code="2">rdacontent</subfield></datafield><datafield ind1=" " ind2=" " tag="337"><subfield code="b">n</subfield><subfield code="2">rdamedia</subfield></datafield><datafield ind1=" " ind2=" " tag="338"><subfield code="b">nc</subfield><subfield code="2">rdacarrier</subfield></datafield><datafield ind1="1" ind2=" " tag="490"><subfield code="a">Laboratoire de physique / Université de Genève</subfield><subfield code="v">Série 2, fasc. 10</subfield></datafield><datafield ind1=" " ind2=" " tag="500"><subfield code="a">II f. de pl., ill.</subfield></datafield><datafield ind1=" " ind2=" " tag="500"><subfield code="a">Titre du tiré à part: Frottement intérieur des solides aux basses températures</subfield></datafield><datafield ind1=" " ind2=" " tag="580"><subfield code="a">In: Archives des sciences physiques et naturelles. - Genève. - Janvier-mars 1910, 61 p.</subfield></datafield><datafield ind1="1" ind2=" " tag="700"><subfield code="a">Freedericksz, Vsevolod</subfield><subfield code="0">(RERO)A003261667</subfield></datafield><datafield ind1="0" ind2=" " tag="773"><subfield code="t">Archives des sciences physiques et naturelles</subfield><subfield code="g">1910</subfield><subfield code="g">yr:1910</subfield><subfield code="w">(RERO)0292426-41slsp</subfield></datafield><datafield ind1=" " ind2="0" tag="830"><subfield code="a">Travaux du laboratoire de physique</subfield><subfield code="v">2,10</subfield><subfield code="w">(RERO)R003055060-41slsp</subfield></datafield><datafield ind1=" " ind2=" " tag="900"><subfield code="a">REROnoselfmerge</subfield></datafield></record>
</metadata></record>