<record><header><identifier>oai:alma.41SLSP_UGE:991000025439705502</identifier><datestamp>2023-03-01T01:09:01Z</datestamp><setSpec>uge_bcen_RapidILL_BOOK</setSpec><setSpec>uge_aaca_RapidILL_BOOK</setSpec><setSpec>uge_abels_RapidILL_BOOK</setSpec><setSpec>uge_dbu_RapidILL_BOOK</setSpec><setSpec>uge_cmu_RapidILL_BOOK</setSpec><setSpec>uge_mail_RapidILL_BOOK</setSpec><setSpec>UNIGE_ALL</setSpec><setSpec>uge_abbat_RapidILL_BOOK</setSpec><setSpec>uge_acar_RapidILL_BOOK</setSpec><setSpec>uge_aobs_RapidILL_BOOK</setSpec></header><metadata>
<record xmlns="http://www.loc.gov/MARC21/slim" xmlns:xsi="http://www.w3.org/2001/XMLSchema-instance" xsi:schemaLocation="http://www.loc.gov/MARC21/slim http://www.loc.gov/standards/marcxml/schema/MARC21slim.xsd"><leader>02120nam a2200589uc 4500</leader><controlfield tag="001">991000025439705502</controlfield><controlfield tag="005">20230223195924.0</controlfield><controlfield tag="008">201011s1991    xxu           00| | eng d</controlfield><datafield ind1=" " ind2=" " tag="020"><subfield code="a">0080361285</subfield></datafield><datafield ind1=" " ind2=" " tag="035"><subfield code="a">(swissbib)215558928-41slsp_network</subfield></datafield><datafield ind1=" " ind2=" " tag="035"><subfield code="a">215558928</subfield><subfield code="9">ExL</subfield></datafield><datafield ind1=" " ind2=" " tag="035"><subfield code="a">(IDSBB)000822929DSV01</subfield></datafield><datafield ind1=" " ind2=" " tag="035"><subfield code="a">(RERO)1350142-41slsp</subfield></datafield><datafield ind1=" " ind2=" " tag="035"><subfield code="a">(NEBIS)001180549EBI01</subfield></datafield><datafield ind1=" " ind2=" " tag="035"><subfield code="a">(EXLNZ-41SLSP_NETWORK)991070849969705501</subfield></datafield><datafield ind1=" " ind2=" " tag="040"><subfield code="a">SzZuIDS BS/BE B410</subfield><subfield code="b">ger</subfield><subfield code="e">kids</subfield><subfield code="d">CH-ZuSLS</subfield></datafield><datafield ind1=" " ind2=" " tag="044"><subfield code="a">xxu</subfield><subfield code="a">xxk</subfield></datafield><datafield ind1=" " ind2="7" tag="072"><subfield code="a">ps</subfield><subfield code="2">SzZuIDS BS/BE</subfield></datafield><datafield ind1=" " ind2="7" tag="072"><subfield code="a">me</subfield><subfield code="2">SzZuIDS BS/BE</subfield></datafield><datafield ind1=" " ind2="7" tag="072"><subfield code="a">ps</subfield><subfield code="2">rero</subfield></datafield><datafield ind1="0" ind2="0" tag="082"><subfield code="a">616.89</subfield><subfield code="2">20</subfield></datafield><datafield ind1="0" ind2="0" tag="082"><subfield code="a">616.89 H236 1990</subfield></datafield><datafield ind1="1" ind2="4" tag="082"><subfield code="a">150</subfield><subfield code="2">15</subfield></datafield><datafield ind1="1" ind2="4" tag="082"><subfield code="a">610</subfield><subfield code="2">15</subfield></datafield><datafield ind1=" " ind2=" " tag="084"><subfield code="a">CU 5550</subfield><subfield code="2">rvk</subfield></datafield><datafield ind1=" " ind2=" " tag="084"><subfield code="a">CV 1000</subfield><subfield code="2">rvk</subfield></datafield><datafield ind1="0" ind2="0" tag="245"><subfield code="a">Handbook of social and clinical psychology</subfield><subfield code="b">the health perspective</subfield><subfield code="c">[ed. by] C.R. Snyder, Donelson R. Forsyth</subfield></datafield><datafield ind1=" " ind2="1" tag="264"><subfield code="a">New York [etc.]</subfield><subfield code="b">Pergamon Press</subfield><subfield code="c">1991</subfield></datafield><datafield ind1=" " ind2="4" tag="264"><subfield code="c">© 1991</subfield></datafield><datafield ind1=" " ind2=" " tag="300"><subfield code="a">XXII, 878 S.</subfield><subfield code="b">Ill.</subfield><subfield code="c">26 cm</subfield></datafield><datafield ind1=" " ind2=" " tag="336"><subfield code="b">txt</subfield><subfield code="2">rdacontent</subfield></datafield><datafield ind1=" " ind2=" " tag="337"><subfield code="b">n</subfield><subfield code="2">rdamedia</subfield></datafield><datafield ind1=" " ind2=" " tag="338"><subfield code="b">nc</subfield><subfield code="2">rdacarrier</subfield></datafield><datafield ind1="1" ind2=" " tag="490"><subfield code="a">Pergamon general psychology series</subfield><subfield code="v">162</subfield></datafield><datafield ind1=" " ind2=" " tag="504"><subfield code="a">Literaturverz.</subfield></datafield><datafield ind1=" " ind2="7" tag="650"><subfield code="a">Klinische Psychologie</subfield><subfield code="x">Sozialpsychologie</subfield><subfield code="2">idsbb</subfield></datafield><datafield ind1=" " ind2="7" tag="650"><subfield code="a">Sozialpsychologie</subfield><subfield code="x">Klinische Psychologie</subfield><subfield code="2">idsbb</subfield></datafield><datafield ind1=" " ind2="7" tag="650"><subfield code="a">Psychologie clinique</subfield><subfield code="0">(IDREF)027677842</subfield><subfield code="2">idref</subfield></datafield><datafield ind1=" " ind2="7" tag="650"><subfield code="a">Santé</subfield><subfield code="0">(IDREF)027411125</subfield><subfield code="2">idref</subfield></datafield><datafield ind1=" " ind2="7" tag="650"><subfield code="a">Psychologie sociale</subfield><subfield code="0">(IDREF)027241661</subfield><subfield code="2">idref</subfield></datafield><datafield ind1=" " ind2="7" tag="650"><subfield code="a">Klinische Psychologie</subfield><subfield code="2">idszbz</subfield></datafield><datafield ind1=" " ind2="7" tag="650"><subfield code="a">Sozialpsychologie</subfield><subfield code="2">idszbz</subfield></datafield><datafield ind1=" " ind2="7" tag="650"><subfield code="a">Klinische Psychologie</subfield><subfield code="0">(DE-588)4031193-4</subfield><subfield code="2">gnd</subfield></datafield><datafield ind1=" " ind2="7" tag="650"><subfield code="a">Sozialpsychologie</subfield><subfield code="0">(DE-588)4055891-5</subfield><subfield code="2">gnd</subfield></datafield><datafield ind1=" " ind2="0" tag="650"><subfield code="a">Clinical psychology</subfield></datafield><datafield ind1=" " ind2="0" tag="650"><subfield code="a">Social psychology</subfield></datafield><datafield ind1=" " ind2="7" tag="655"><subfield code="a">[Études diverses]</subfield><subfield code="0">(RERO)A022249905</subfield><subfield code="2">rero</subfield></datafield><datafield ind1=" " ind2="7" tag="655"><subfield code="a">Handbuch</subfield><subfield code="2">idszbz</subfield></datafield><datafield ind1="1" ind2=" " tag="700"><subfield code="a">Forsyth, Donelson R.</subfield><subfield code="d">1953-</subfield><subfield code="0">(DE-588)124768091</subfield></datafield><datafield ind1="1" ind2=" " tag="700"><subfield code="a">Snyder, C. R.</subfield><subfield code="d">1944-2006</subfield><subfield code="0">(DE-588)124017533</subfield><subfield code="6">880-03</subfield></datafield><datafield ind1="1" ind2=" " tag="880"><subfield code="6">700-03</subfield><subfield code="a">Snyder, Charles Richard</subfield><subfield code="d">1944-2006</subfield><subfield code="0">(IDREF)058484663</subfield></datafield><datafield ind1=" " ind2=" " tag="830"><subfield code="a">Pergamon general psychology series</subfield><subfield code="v">162</subfield><subfield code="w">(NEBIS)001032399EBI01</subfield></datafield><datafield ind1=" " ind2=" " tag="900"><subfield code="a">REROnoselfmerge</subfield></datafield></record>
</metadata></record>