<record><header><identifier>oai:alma.41SLSP_UGE:991000025639705502</identifier><datestamp>2023-03-01T01:09:01Z</datestamp><setSpec>uge_bcen_RapidILL_BOOK</setSpec><setSpec>uge_aaca_RapidILL_BOOK</setSpec><setSpec>uge_abels_RapidILL_BOOK</setSpec><setSpec>uge_dbu_RapidILL_BOOK</setSpec><setSpec>uge_cmu_RapidILL_BOOK</setSpec><setSpec>uge_mail_RapidILL_BOOK</setSpec><setSpec>UNIGE_ALL</setSpec><setSpec>uge_abbat_RapidILL_BOOK</setSpec><setSpec>uge_aobs_RapidILL_BOOK</setSpec><setSpec>uge_acar_RapidILL_BOOK</setSpec></header><metadata>
<record xmlns="http://www.loc.gov/MARC21/slim" xmlns:xsi="http://www.w3.org/2001/XMLSchema-instance" xsi:schemaLocation="http://www.loc.gov/MARC21/slim http://www.loc.gov/standards/marcxml/schema/MARC21slim.xsd"><leader>00985nam a2200289 c 4500</leader><controlfield tag="001">991000025639705502</controlfield><controlfield tag="005">20210207172804.0</controlfield><controlfield tag="008">101222s2010    gw ||||| |||| 00| ||ger d</controlfield><datafield ind1=" " ind2=" " tag="020"><subfield code="a">346007132X</subfield></datafield><datafield ind1=" " ind2=" " tag="035"><subfield code="a">(swissbib)112706193-41slsp_network</subfield></datafield><datafield ind1=" " ind2=" " tag="035"><subfield code="a">112706193</subfield><subfield code="9">ExL</subfield></datafield><datafield ind1=" " ind2=" " tag="035"><subfield code="a">(RERO)R005883905-41slsp</subfield></datafield><datafield ind1=" " ind2=" " tag="035"><subfield code="a">(EXLNZ-41SLSP_NETWORK)991016719819705501</subfield></datafield><datafield ind1=" " ind2=" " tag="040"><subfield code="a">RERO neuthe</subfield><subfield code="d">CH-ZuSLS</subfield></datafield><datafield ind1=" " ind2="7" tag="072"><subfield code="a">th</subfield><subfield code="2">rero</subfield></datafield><datafield ind1="1" ind2=" " tag="080"><subfield code="a">(05):22NSK-AT</subfield></datafield><datafield ind1="1" ind2=" " tag="100"><subfield code="a">Oeming, Manfred</subfield><subfield code="d">1955-....</subfield><subfield code="0">(IDREF)029065372</subfield><subfield code="4">cre</subfield></datafield><datafield ind1="1" ind2="0" tag="245"><subfield code="a">&lt;&lt;Das&gt;&gt; Buch der Psalmen</subfield><subfield code="b">Psalm 42-89</subfield><subfield code="c">Manfred Oeming, Joachim Vette</subfield></datafield><datafield ind1=" " ind2="1" tag="264"><subfield code="a">Stuttgart</subfield><subfield code="b">Katholisches Bibelwerk</subfield><subfield code="c">2010</subfield></datafield><datafield ind1=" " ind2=" " tag="300"><subfield code="a">272 p.</subfield><subfield code="c">20 cm</subfield></datafield><datafield ind1=" " ind2=" " tag="336"><subfield code="b">txt</subfield><subfield code="2">rdacontent</subfield></datafield><datafield ind1=" " ind2=" " tag="337"><subfield code="b">n</subfield><subfield code="2">rdamedia</subfield></datafield><datafield ind1=" " ind2=" " tag="338"><subfield code="b">nc</subfield><subfield code="2">rdacarrier</subfield></datafield><datafield ind1="1" ind2=" " tag="490"><subfield code="a">Neuer Stuttgarter Kommentar. Altes Testament</subfield><subfield code="v">13/2</subfield></datafield><datafield ind1="0" ind2="7" tag="630"><subfield code="a">Bible</subfield><subfield code="p">AT</subfield><subfield code="p">Psaumes</subfield><subfield code="n">42 - 89</subfield><subfield code="2">rero</subfield></datafield><datafield ind1="1" ind2=" " tag="700"><subfield code="a">Vette, Joachim</subfield><subfield code="0">(IDREF)118283952</subfield></datafield><datafield ind1=" " ind2="0" tag="830"><subfield code="a">Neuer Stuttgarter Kommentar. Altes Testament</subfield><subfield code="v">13/2</subfield><subfield code="w">(RERO)1864200-41slsp</subfield></datafield><datafield ind1=" " ind2=" " tag="900"><subfield code="a">REROnoselfmerge</subfield></datafield></record>
</metadata></record>