<record><header><identifier>oai:alma.41SLSP_UGE:991000024909705502</identifier><datestamp>2023-03-01T01:09:01Z</datestamp><setSpec>uge_bcen_RapidILL_BOOK</setSpec><setSpec>uge_aaca_RapidILL_BOOK</setSpec><setSpec>uge_abels_RapidILL_BOOK</setSpec><setSpec>uge_dbu_RapidILL_BOOK</setSpec><setSpec>uge_cmu_RapidILL_BOOK</setSpec><setSpec>uge_mail_RapidILL_BOOK</setSpec><setSpec>UNIGE_ALL</setSpec><setSpec>uge_abbat_RapidILL_BOOK</setSpec><setSpec>uge_aobs_RapidILL_BOOK</setSpec><setSpec>uge_acar_RapidILL_BOOK</setSpec></header><metadata>
<record xmlns="http://www.loc.gov/MARC21/slim" xmlns:xsi="http://www.w3.org/2001/XMLSchema-instance" xsi:schemaLocation="http://www.loc.gov/MARC21/slim http://www.loc.gov/standards/marcxml/schema/MARC21slim.xsd"><leader>01913nam a2200301 c 4500</leader><controlfield tag="001">991000024909705502</controlfield><controlfield tag="005">20201126052205.0</controlfield><controlfield tag="008">060818s1971    le ||||| |||| 00| ||ara d</controlfield><datafield ind1=" " ind2=" " tag="035"><subfield code="a">(swissbib)103965955-41slsp_network</subfield></datafield><datafield ind1=" " ind2=" " tag="035"><subfield code="a">103965955</subfield><subfield code="9">ExL</subfield></datafield><datafield ind1=" " ind2=" " tag="035"><subfield code="a">(RERO)R004184264-41slsp</subfield></datafield><datafield ind1=" " ind2=" " tag="035"><subfield code="a">(EXLNZ-41SLSP_NETWORK)991124694439705501</subfield></datafield><datafield ind1=" " ind2=" " tag="040"><subfield code="a">RERO geular</subfield><subfield code="d">CH-ZuSLS</subfield></datafield><datafield ind1=" " ind2="7" tag="072"><subfield code="a">th</subfield><subfield code="2">rero</subfield></datafield><datafield ind1="1" ind2=" " tag="100"><subfield code="6">880-01</subfield><subfield code="a">Ṣaleh, Ṣoubḥī El-</subfield><subfield code="d">1926-1987</subfield><subfield code="0">(IDREF)02918262X</subfield><subfield code="4">cre</subfield></datafield><datafield ind1="1" ind2=" " tag="880"><subfield code="6">100-01/(3/r</subfield><subfield code="a">صالح، صبحي</subfield></datafield><datafield ind1="1" ind2="0" tag="245"><subfield code="6">880-02</subfield><subfield code="a">ʿUlūm al-ḥadīth wa-muṣṭalaḥuhu</subfield><subfield code="b">ʿarḍ wa-dirāsa</subfield><subfield code="c">taʾlīf Ṣubhī al-Ṣāliḥ</subfield></datafield><datafield ind1="1" ind2="0" tag="880"><subfield code="6">245-02/(3/r</subfield><subfield code="a">علوم الحديث ومصطلحه</subfield><subfield code="b">عرض ودراسة</subfield><subfield code="c">تأليف صبحي الصالح</subfield></datafield><datafield ind1="1" ind2=" " tag="246"><subfield code="a">ʿUlūm al-ḥadīṯ wa muṣṭalaḥuhu</subfield><subfield code="b">ʿarḍ wa dirāsa / taʾlīf Ṣubhī aṣ-Ṣāliḥ</subfield></datafield><datafield ind1=" " ind2=" " tag="250"><subfield code="6">880-03</subfield><subfield code="a">Aṭ-ṭabʿa 6</subfield></datafield><datafield ind1=" " ind2=" " tag="880"><subfield code="6">250-03/(3/r</subfield><subfield code="a">الطبعة 6</subfield></datafield><datafield ind1=" " ind2="1" tag="264"><subfield code="6">880-04</subfield><subfield code="a">Bayrūt</subfield><subfield code="b">Dār al-ʿilm li al-malāyīn</subfield><subfield code="c">1971</subfield></datafield><datafield ind1=" " ind2="1" tag="880"><subfield code="6">264-04/(3/r</subfield><subfield code="a">بيروت</subfield><subfield code="b">دار العلم للملايين</subfield><subfield code="c">1971</subfield></datafield><datafield ind1=" " ind2=" " tag="300"><subfield code="a">447 p.</subfield><subfield code="c">24 cm</subfield></datafield><datafield ind1=" " ind2=" " tag="336"><subfield code="b">txt</subfield><subfield code="2">rdacontent</subfield></datafield><datafield ind1=" " ind2=" " tag="337"><subfield code="b">n</subfield><subfield code="2">rdamedia</subfield></datafield><datafield ind1=" " ind2=" " tag="338"><subfield code="b">nc</subfield><subfield code="2">rdacarrier</subfield></datafield><datafield ind1="0" ind2="7" tag="630"><subfield code="a">Ḥadīth</subfield><subfield code="0">(RERO)A010092884</subfield><subfield code="2">rero</subfield></datafield><datafield ind1=" " ind2=" " tag="900"><subfield code="a">REROnoselfmerge</subfield></datafield></record>
</metadata></record>