<record><header><identifier>oai:alma.41SLSP_UGE:991000025239705502</identifier><datestamp>2023-08-21T00:58:15Z</datestamp><setSpec>uge_bcen_RapidILL_BOOK</setSpec><setSpec>uge_aaca_RapidILL_BOOK</setSpec><setSpec>uge_abels_RapidILL_BOOK</setSpec><setSpec>uge_dbu_RapidILL_BOOK</setSpec><setSpec>uge_cmu_RapidILL_BOOK</setSpec><setSpec>uge_mail_RapidILL_BOOK</setSpec><setSpec>uge_abbat_RapidILL_BOOK</setSpec><setSpec>UNIGE_ALL</setSpec><setSpec>uge_aobs_RapidILL_BOOK</setSpec><setSpec>uge_acar_RapidILL_BOOK</setSpec></header><metadata>
<record xmlns="http://www.loc.gov/MARC21/slim" xmlns:xsi="http://www.w3.org/2001/XMLSchema-instance" xsi:schemaLocation="http://www.loc.gov/MARC21/slim http://www.loc.gov/standards/marcxml/schema/MARC21slim.xsd"><leader>03949nam a2200565 c 4500</leader><controlfield tag="001">991000025239705502</controlfield><controlfield tag="005">20210224150731.0</controlfield><controlfield tag="008">201011s2018    ne ac    b||| 001 0 fre|d</controlfield><datafield ind1=" " ind2=" " tag="010"><subfield code="a">2016461011</subfield></datafield><datafield ind1=" " ind2=" " tag="020"><subfield code="a">9004355871</subfield></datafield><datafield ind1=" " ind2=" " tag="020"><subfield code="a">9789004355873</subfield></datafield><datafield ind1=" " ind2=" " tag="035"><subfield code="a">(swissbib)212187597-41slsp_network</subfield></datafield><datafield ind1=" " ind2=" " tag="035"><subfield code="a">212187597</subfield><subfield code="9">ExL</subfield></datafield><datafield ind1=" " ind2=" " tag="035"><subfield code="a">(IDSBB)007123705DSV01</subfield></datafield><datafield ind1=" " ind2=" " tag="035"><subfield code="a">(NEBIS)011135072EBI01</subfield></datafield><datafield ind1=" " ind2=" " tag="035"><subfield code="a">(RERO)R008916660-41slsp</subfield></datafield><datafield ind1=" " ind2=" " tag="035"><subfield code="a">(OCoLC)1001842284</subfield></datafield><datafield ind1=" " ind2=" " tag="035"><subfield code="a">(EXLNZ-41SLSP_NETWORK)991055617669705501</subfield></datafield><datafield ind1=" " ind2=" " tag="040"><subfield code="a">YDX</subfield><subfield code="b">ger</subfield><subfield code="e">rda</subfield><subfield code="d">CH-ZuSLS UZB UKHIS</subfield></datafield><datafield ind1=" " ind2=" " tag="043"><subfield code="a">a-ir---</subfield></datafield><datafield ind1=" " ind2="4" tag="050"><subfield code="a">ND989.J43</subfield><subfield code="b">H33 2018</subfield></datafield><datafield ind1=" " ind2="7" tag="072"><subfield code="a">ba</subfield><subfield code="2">rero</subfield></datafield><datafield ind1="0" ind2="4" tag="082"><subfield code="a">700.961</subfield></datafield><datafield ind1="1" ind2="4" tag="082"><subfield code="a">700</subfield><subfield code="2">15</subfield></datafield><datafield ind1="7" ind2="4" tag="082"><subfield code="a">750</subfield><subfield code="2">23sdnb</subfield></datafield><datafield ind1=" " ind2=" " tag="084"><subfield code="a">LO 87780</subfield><subfield code="2">rvk</subfield></datafield><datafield ind1="1" ind2=" " tag="100"><subfield code="a">Habibi, Negar</subfield><subfield code="d">1981-</subfield><subfield code="0">(DE-588)1164977105</subfield><subfield code="e">Verfasser</subfield><subfield code="4">aut</subfield></datafield><datafield ind1="1" ind2="0" tag="245"><subfield code="a">ʻAli Qoli Jebādār et l'occidentalisme safavide</subfield><subfield code="b">une étude sur les peintures dites farangi sāzi, leurs milieux et commanditaires sous Shāh Soleimān (1666-94)</subfield><subfield code="c">par Negar Habibi</subfield></datafield><datafield ind1=" " ind2="1" tag="264"><subfield code="a">Leiden</subfield><subfield code="b">Brill</subfield><subfield code="c">[2018]</subfield><subfield code="a">Boston</subfield></datafield><datafield ind1=" " ind2=" " tag="300"><subfield code="a">xiv, 207 Seiten</subfield><subfield code="b">Illustrationen</subfield><subfield code="c">25 cm</subfield></datafield><datafield ind1=" " ind2=" " tag="336"><subfield code="b">txt</subfield><subfield code="2">rdacontent</subfield></datafield><datafield ind1=" " ind2=" " tag="337"><subfield code="b">n</subfield><subfield code="2">rdamedia</subfield></datafield><datafield ind1=" " ind2=" " tag="338"><subfield code="b">nc</subfield><subfield code="2">rdacarrier</subfield></datafield><datafield ind1="1" ind2=" " tag="490"><subfield code="a">Studies in Persian cultural history</subfield><subfield code="v">volume 13</subfield></datafield><datafield ind1=" " ind2=" " tag="504"><subfield code="a">Includes bibliographical references (pages [178]-203) and index</subfield></datafield><datafield ind1=" " ind2=" " tag="520"><subfield code="a">In ''Ali Qoli Jebadar et l'occidentalisme Safavide' Negar Habibi provides a fresh account of the life and works of ʻAli Qoli Jebadar, a leading painter of the late Safavid period. By collecting several of the artist's paintings and signatures Habibi brings to light the diversity of 'Ali Qoli Jebadar's most important works. In addition, the volume offers us new insights into both the artistic and socio-political evolution of Iranian society in the last days of pre-modern Iran. By carefully consulting the historical sources, Negar Habibi demonstrates the possibility of a female and eunuch patronage in the seventeenth-century paintings known as farangi sazi, while suggesting the use of the term &quot;Occidentalism&quot; for those Safavid paintings that show some exotic and alien details of the Western world</subfield></datafield><datafield ind1="8" ind2=" " tag="520"><subfield code="a">&quot;ʿAli Qoli Jebādār et l'occidentalisme safavide&quot; offre un nouveau récit de la vie et des œuvres de ʿAli Qoli Jebādār. Recueillant plusieurs peintures et signatures de l'artiste, Negar Habibi expose à la discussion de divers titres royaux de l'artiste. &quot;ʿAli Qoli Jebādār et l'occidentalisme safavide&quot; approfondit également nos connaissances sur l'évolution artistique et socio-politique de la société iranienne à l'aube du modernisme. En consultant sans cesse les sources historiques, Negar Habibi montre la possibilité du patronage féminin et eunuque dans les peintures connues sous le nom de farangi sāzi au XVIIᵉ siècle, tout en suggérant l'utilisation d'un nouveau titre comme l'Occidentalisme pour ces peintures safavides qui montrent des détails exotiques et étrangers appartenant au monde occidental. © Brill</subfield><subfield code="5">RERO/geulha/04.2019</subfield></datafield><datafield ind1="0" ind2="7" tag="600"><subfield code="a">Aliquli Jabbadar</subfield><subfield code="0">(DE-588)1034927604</subfield><subfield code="2">gnd</subfield></datafield><datafield ind1="0" ind2="7" tag="600"><subfield code="a">Safawiden</subfield><subfield code="c">Dynastie : 1501-1722</subfield><subfield code="0">(DE-588)118750690</subfield><subfield code="2">gnd</subfield></datafield><datafield ind1="0" ind2="7" tag="600"><subfield code="a">Sulaimān</subfield><subfield code="b">I.</subfield><subfield code="c">Iran, Schah</subfield><subfield code="d">1648-1694</subfield><subfield code="0">(DE-588)1021278580</subfield><subfield code="2">gnd</subfield></datafield><datafield ind1="1" ind2="0" tag="600"><subfield code="a">Jebādār, ʻAli Qoli</subfield><subfield code="x">Criticism and interpretation</subfield></datafield><datafield ind1="0" ind2="7" tag="600"><subfield code="a">ʿAliquli Jabbadar</subfield><subfield code="0">(RERO)A027938506</subfield><subfield code="2">rero</subfield></datafield><datafield ind1="0" ind2="7" tag="600"><subfield code="a">Séfévides</subfield><subfield code="c">(dynastie)</subfield><subfield code="0">(RERO)A010027782</subfield><subfield code="2">rero</subfield></datafield><datafield ind1=" " ind2="7" tag="650"><subfield code="a">Malerei</subfield><subfield code="0">(DE-588)4037220-0</subfield><subfield code="2">gnd</subfield></datafield><datafield ind1=" " ind2="0" tag="650"><subfield code="a">Art, Safavid</subfield></datafield><datafield ind1=" " ind2="7" tag="650"><subfield code="a">Art occidental</subfield><subfield code="0">(RERO)A022456065</subfield><subfield code="2">rero</subfield></datafield><datafield ind1=" " ind2="7" tag="651"><subfield code="a">Iran</subfield><subfield code="0">(DE-588)4027653-3</subfield><subfield code="2">gnd</subfield></datafield><datafield ind1=" " ind2=" " tag="830"><subfield code="a">Studies in Persian cultural history</subfield><subfield code="v">13</subfield><subfield code="w">(RERO)R008935528-41slsp</subfield></datafield><datafield ind1=" " ind2=" " tag="830"><subfield code="a">Studies in Persian cultural history</subfield><subfield code="v">13</subfield><subfield code="w">(IDSBB)006008586DSV01</subfield></datafield><datafield ind1=" " ind2=" " tag="900"><subfield code="a">IDSDSStoppsignal FRED</subfield></datafield><datafield ind1=" " ind2=" " tag="900"><subfield code="a">REROnoselfmerge</subfield></datafield><datafield ind1=" " ind2=" " tag="993"><subfield code="a">BFLA 289276</subfield><subfield code="x">ge/ulha/a/19/0606</subfield><subfield code="9">LOCAL</subfield></datafield></record>
</metadata></record>