<record><header><identifier>oai:alma.41SLSP_UGE:991000024929705502</identifier><datestamp>2024-03-09T01:43:20Z</datestamp><setSpec>uge_bcen_RapidILL_BOOK</setSpec><setSpec>uge_aaca_RapidILL_BOOK</setSpec><setSpec>uge_abels_RapidILL_BOOK</setSpec><setSpec>uge_dbu_RapidILL_BOOK</setSpec><setSpec>uge_cmu_RapidILL_BOOK</setSpec><setSpec>uge_mail_RapidILL_BOOK</setSpec><setSpec>uge_abbat_RapidILL_BOOK</setSpec><setSpec>UNIGE_ALL</setSpec><setSpec>uge_acar_RapidILL_BOOK</setSpec><setSpec>uge_aobs_RapidILL_BOOK</setSpec></header><metadata>
<record xmlns="http://www.loc.gov/MARC21/slim" xmlns:xsi="http://www.w3.org/2001/XMLSchema-instance" xsi:schemaLocation="http://www.loc.gov/MARC21/slim http://www.loc.gov/standards/marcxml/schema/MARC21slim.xsd"><leader>01966nam a2200469 c 4500</leader><controlfield tag="001">991000024929705502</controlfield><controlfield tag="005">20240308035747.0</controlfield><controlfield tag="008">201011s2003    fr ||||| |||| 01| ||fre d</controlfield><datafield ind1=" " ind2=" " tag="020"><subfield code="a">2747557308</subfield><subfield code="c">€ 29.-</subfield></datafield><datafield ind1="7" ind2=" " tag="024"><subfield code="a">http://catalogue.bnf.fr/ark:/12148/cb39115960j</subfield><subfield code="2">uri</subfield></datafield><datafield ind1=" " ind2=" " tag="035"><subfield code="a">(swissbib)212088750-41slsp_network</subfield></datafield><datafield ind1=" " ind2=" " tag="035"><subfield code="a">212088750</subfield><subfield code="9">ExL</subfield></datafield><datafield ind1=" " ind2=" " tag="035"><subfield code="a">(RERO)R003574334-41slsp</subfield></datafield><datafield ind1=" " ind2=" " tag="035"><subfield code="a">(SBT)000765096SBT01</subfield></datafield><datafield ind1=" " ind2=" " tag="035"><subfield code="a">(NEBIS)004709501EBI01</subfield></datafield><datafield ind1=" " ind2=" " tag="035"><subfield code="a">(ABN)000313842ABN01</subfield></datafield><datafield ind1=" " ind2=" " tag="035"><subfield code="a">(EXLNZ-41SLSP_NETWORK)991142637549705501</subfield></datafield><datafield ind1=" " ind2=" " tag="040"><subfield code="a">RERO geulha</subfield><subfield code="d">CH-ZuSLS</subfield></datafield><datafield ind1=" " ind2="7" tag="072"><subfield code="a">ba</subfield><subfield code="2">rero</subfield></datafield><datafield ind1="0" ind2="0" tag="245"><subfield code="a">Points de vue</subfield><subfield code="b">pour Philippe Junod</subfield><subfield code="c">sous la dir. de Danielle Chaperon et Philippe Kaenel</subfield></datafield><datafield ind1=" " ind2="1" tag="264"><subfield code="a">Paris</subfield><subfield code="a">Budapest</subfield><subfield code="a">Torino</subfield><subfield code="b">L'Harmattan</subfield><subfield code="c">2003</subfield></datafield><datafield ind1=" " ind2=" " tag="300"><subfield code="a">382 p., 40 p. de pl. en noir et en coul.</subfield><subfield code="c">22 cm</subfield></datafield><datafield ind1=" " ind2=" " tag="336"><subfield code="b">txt</subfield><subfield code="2">rdacontent</subfield></datafield><datafield ind1=" " ind2=" " tag="337"><subfield code="b">n</subfield><subfield code="2">rdamedia</subfield></datafield><datafield ind1=" " ind2=" " tag="338"><subfield code="b">nc</subfield><subfield code="2">rdacarrier</subfield></datafield><datafield ind1="1" ind2=" " tag="490"><subfield code="a">Champs visuels</subfield></datafield><datafield ind1="0" ind2="0" tag="505"><subfield code="g">P. 333-338</subfield><subfield code="t">Étrusque ou chinoise? : la relativité de certaines évidences</subfield><subfield code="r">André Corboz</subfield></datafield><datafield ind1=" " ind2="7" tag="650"><subfield code="a">Art</subfield><subfield code="0">(IDREF)027269302</subfield><subfield code="2">idref</subfield></datafield><datafield ind1=" " ind2="7" tag="650"><subfield code="a">interprétation (méthode)</subfield><subfield code="0">(RERO)A009996615</subfield><subfield code="2">rerovoc</subfield></datafield><datafield ind1=" " ind2="7" tag="650"><subfield code="a">Subjectivité</subfield><subfield code="0">(IDREF)027411869</subfield><subfield code="2">idref</subfield></datafield><datafield ind1=" " ind2="7" tag="650"><subfield code="a">Arte</subfield><subfield code="x">Scritti in onore</subfield><subfield code="2">sbt12</subfield></datafield><datafield ind1=" " ind2="7" tag="650"><subfield code="a">BILDWIRKUNG AUF DEN BETRACHTER (KUNST)</subfield><subfield code="9">ger</subfield><subfield code="0">(ETHUDK)000053459</subfield><subfield code="2">ethudk</subfield></datafield><datafield ind1=" " ind2="7" tag="650"><subfield code="a">KUNSTINTERPRETATION (KUNST)</subfield><subfield code="9">ger</subfield><subfield code="0">(ETHUDK)000054178</subfield><subfield code="2">ethudk</subfield></datafield><datafield ind1=" " ind2="7" tag="650"><subfield code="a">KUNSTTHEORIE + KUNSTÄSTHETIK + KUNSTPHILOSOPHIE</subfield><subfield code="9">ger</subfield><subfield code="0">(ETHUDK)000035234</subfield><subfield code="2">ethudk</subfield></datafield><datafield ind1=" " ind2="7" tag="650"><subfield code="a">REZEPTION (KUNST, ARCHITEKTUR)</subfield><subfield code="9">ger</subfield><subfield code="0">(ETHUDK)000048808</subfield><subfield code="2">ethudk</subfield></datafield><datafield ind1=" " ind2="7" tag="655"><subfield code="a">[Études diverses]</subfield><subfield code="0">(RERO)A022249905</subfield><subfield code="2">rero</subfield></datafield><datafield ind1=" " ind2="7" tag="655"><subfield code="a">Festschrift</subfield><subfield code="2">gnd-content</subfield></datafield><datafield ind1="1" ind2=" " tag="700"><subfield code="a">Corboz, André</subfield></datafield><datafield ind1="1" ind2=" " tag="700"><subfield code="a">Kaenel, Philippe</subfield><subfield code="d">1960-....</subfield><subfield code="0">(IDREF)029573688</subfield></datafield><datafield ind1="1" ind2=" " tag="700"><subfield code="a">Chaperon, Danielle</subfield><subfield code="0">(IDREF)030525152</subfield></datafield><datafield ind1="1" ind2=" " tag="700"><subfield code="a">Junod, Philippe</subfield><subfield code="d">1938-....</subfield><subfield code="0">(IDREF)026943352</subfield></datafield><datafield ind1=" " ind2=" " tag="830"><subfield code="a">Champs visuels</subfield><subfield code="w">(SBT)000091970SBT01</subfield></datafield><datafield ind1=" " ind2=" " tag="900"><subfield code="a">REROnoselfmerge</subfield></datafield><datafield ind1=" " ind2=" " tag="993"><subfield code="a">BFLA 165111</subfield><subfield code="x">ge/ulha/d/04/0123</subfield><subfield code="9">LOCAL</subfield></datafield></record>
</metadata></record>