<record><header><identifier>oai:alma.41SLSP_UGE:991000025029705502</identifier><datestamp>2023-04-17T00:12:59Z</datestamp><setSpec>uge_bcen_RapidILL_BOOK</setSpec><setSpec>uge_aaca_RapidILL_BOOK</setSpec><setSpec>uge_abels_RapidILL_BOOK</setSpec><setSpec>uge_dbu_RapidILL_BOOK</setSpec><setSpec>uge_cmu_RapidILL_BOOK</setSpec><setSpec>uge_mail_RapidILL_BOOK</setSpec><setSpec>uge_abbat_RapidILL_BOOK</setSpec><setSpec>UNIGE_ALL</setSpec><setSpec>uge_acar_RapidILL_BOOK</setSpec><setSpec>uge_aobs_RapidILL_BOOK</setSpec></header><metadata>
<record xmlns="http://www.loc.gov/MARC21/slim" xmlns:xsi="http://www.w3.org/2001/XMLSchema-instance" xsi:schemaLocation="http://www.loc.gov/MARC21/slim http://www.loc.gov/standards/marcxml/schema/MARC21slim.xsd"><leader>01721nam a2200373 c 4500</leader><controlfield tag="001">991000025029705502</controlfield><controlfield tag="005">20201229211415.0</controlfield><controlfield tag="008">201011s1952    xxu||||| |||| 00| ||eng d</controlfield><datafield ind1=" " ind2=" " tag="035"><subfield code="a">(swissbib)214632369-41slsp_network</subfield></datafield><datafield ind1=" " ind2=" " tag="035"><subfield code="a">214632369</subfield><subfield code="9">ExL</subfield></datafield><datafield ind1=" " ind2=" " tag="035"><subfield code="a">(RERO)R004381468-41slsp</subfield></datafield><datafield ind1=" " ind2=" " tag="035"><subfield code="a">(NEBIS)001385589EBI01</subfield></datafield><datafield ind1=" " ind2=" " tag="035"><subfield code="a">(EXLNZ-41SLSP_NETWORK)991014232549705501</subfield></datafield><datafield ind1=" " ind2=" " tag="040"><subfield code="a">RERO necmhn</subfield><subfield code="d">CH-ZuSLS</subfield></datafield><datafield ind1=" " ind2="7" tag="072"><subfield code="a">st</subfield><subfield code="2">rero</subfield></datafield><datafield ind1="1" ind2=" " tag="100"><subfield code="a">Brönnimann, Paul</subfield><subfield code="0">(RERO)A003052609</subfield><subfield code="4">cre</subfield><subfield code="6">880-01</subfield></datafield><datafield ind1="1" ind2=" " tag="880"><subfield code="a">Brönnimann, Paul</subfield><subfield code="d">1913-1993</subfield><subfield code="0">(DE-588)1089661983</subfield><subfield code="6">100-01</subfield></datafield><datafield ind1="1" ind2="0" tag="245"><subfield code="a">Globigerinidae from the upper Cretaceous (Cenomanian-Maestrichtian) of Trinidad, B. W. I</subfield><subfield code="c">by P. Bronnimann</subfield></datafield><datafield ind1=" " ind2="1" tag="264"><subfield code="a">Ithaca</subfield><subfield code="b">Paleontologica research institution</subfield><subfield code="c">1952</subfield></datafield><datafield ind1=" " ind2=" " tag="300"><subfield code="a">70 p., 4 p. de pl.</subfield><subfield code="b">ill.</subfield></datafield><datafield ind1=" " ind2=" " tag="336"><subfield code="b">txt</subfield><subfield code="2">rdacontent</subfield></datafield><datafield ind1=" " ind2=" " tag="337"><subfield code="b">n</subfield><subfield code="2">rdamedia</subfield></datafield><datafield ind1=" " ind2=" " tag="338"><subfield code="b">nc</subfield><subfield code="2">rdacarrier</subfield></datafield><datafield ind1="1" ind2=" " tag="490"><subfield code="a">Bulletins of American paleontology</subfield><subfield code="v">vol. 34, no. 140</subfield></datafield><datafield ind1=" " ind2=" " tag="504"><subfield code="a">Bibliogr.: p. 59-61</subfield></datafield><datafield ind1=" " ind2="7" tag="650"><subfield code="a">BIOSTRATIGRAPHIE</subfield><subfield code="9">ger</subfield><subfield code="0">(ETHUDK)000020458</subfield><subfield code="2">ethudk</subfield></datafield><datafield ind1=" " ind2="7" tag="650"><subfield code="a">CENOMANIAN, OBERKREIDE (STRATIGRAPHIE)</subfield><subfield code="9">ger</subfield><subfield code="0">(ETHUDK)000020496</subfield><subfield code="2">ethudk</subfield></datafield><datafield ind1=" " ind2="7" tag="650"><subfield code="a">CONIACIAN + SANTONIAN + CAMPANIAN + MAASTRICHTIAN, OBERKREIDE (STRATIGRAPHIE)</subfield><subfield code="9">ger</subfield><subfield code="0">(ETHUDK)000020498</subfield><subfield code="2">ethudk</subfield></datafield><datafield ind1=" " ind2="7" tag="650"><subfield code="a">GLOBIGERINIDA (PALÄOZOOLOGIE)</subfield><subfield code="9">ger</subfield><subfield code="0">(ETHUDK)000052389</subfield><subfield code="2">ethudk</subfield></datafield><datafield ind1=" " ind2="7" tag="650"><subfield code="a">TRINIDAD, ISLAND (TRINIDAD AND TOBAGO)</subfield><subfield code="9">eng</subfield><subfield code="0">(ETHUDK)000007817</subfield><subfield code="2">ethudk</subfield></datafield><datafield ind1="2" ind2=" " tag="710"><subfield code="a">Paleontological Research Institution</subfield><subfield code="g">Ithaca, US</subfield><subfield code="0">(IDREF)083451544</subfield></datafield><datafield ind1="0" ind2=" " tag="773"><subfield code="t">Sammelband ETH-GEO</subfield><subfield code="w">(NEBIS)004460698EBI01</subfield></datafield><datafield ind1=" " ind2=" " tag="830"><subfield code="a">Bulletins of American paleontology</subfield><subfield code="v">34, 140</subfield><subfield code="w">(RERO)1431086-41slsp</subfield></datafield><datafield ind1=" " ind2=" " tag="830"><subfield code="a">Bulletins of American paleontology</subfield><subfield code="v">34/140</subfield><subfield code="w">(NEBIS)000023401EBI01</subfield></datafield><datafield ind1=" " ind2=" " tag="900"><subfield code="a">REROnoselfmerge</subfield></datafield></record>
</metadata></record>