<record><header><identifier>oai:alma.41SLSP_UGE:991000025129705502</identifier><datestamp>2023-04-11T00:12:03Z</datestamp><setSpec>uge_bcen_RapidILL_BOOK</setSpec><setSpec>uge_aaca_RapidILL_BOOK</setSpec><setSpec>uge_abels_RapidILL_BOOK</setSpec><setSpec>uge_dbu_RapidILL_BOOK</setSpec><setSpec>uge_cmu_RapidILL_BOOK</setSpec><setSpec>uge_mail_RapidILL_BOOK</setSpec><setSpec>uge_abbat_RapidILL_BOOK</setSpec><setSpec>UNIGE_ALL</setSpec><setSpec>uge_aobs_RapidILL_BOOK</setSpec><setSpec>uge_acar_RapidILL_BOOK</setSpec></header><metadata>
<record xmlns="http://www.loc.gov/MARC21/slim" xmlns:xsi="http://www.w3.org/2001/XMLSchema-instance" xsi:schemaLocation="http://www.loc.gov/MARC21/slim http://www.loc.gov/standards/marcxml/schema/MARC21slim.xsd"><leader>06050nam a2200877 c 4500</leader><controlfield tag="001">991000025129705502</controlfield><controlfield tag="005">20230410192653.0</controlfield><controlfield tag="008">201011s2019    xxu           000 0 eng|</controlfield><datafield ind1=" " ind2=" " tag="010"><subfield code="a">2018021896</subfield></datafield><datafield ind1=" " ind2=" " tag="015"><subfield code="a">GBB8N4995</subfield><subfield code="2">bnb</subfield></datafield><datafield ind1="7" ind2=" " tag="016"><subfield code="a">019173662</subfield><subfield code="2">Uk</subfield></datafield><datafield ind1=" " ind2=" " tag="020"><subfield code="a">1107042461</subfield><subfield code="q">hardcover</subfield></datafield><datafield ind1=" " ind2=" " tag="020"><subfield code="a">1107616069</subfield><subfield code="q">paperback</subfield></datafield><datafield ind1=" " ind2=" " tag="020"><subfield code="a">9781107042469</subfield><subfield code="q">hardcover</subfield></datafield><datafield ind1=" " ind2=" " tag="020"><subfield code="a">9781107616066</subfield><subfield code="q">pbk.</subfield><subfield code="c">EUR 36.68</subfield></datafield><datafield ind1=" " ind2=" " tag="035"><subfield code="a">(swissbib)216979137-41slsp_network</subfield></datafield><datafield ind1=" " ind2=" " tag="035"><subfield code="a">216979137</subfield><subfield code="9">ExL</subfield></datafield><datafield ind1=" " ind2=" " tag="035"><subfield code="a">(IDSLU)001347746ILU01</subfield></datafield><datafield ind1=" " ind2=" " tag="035"><subfield code="a">(NEBIS)011255783EBI01</subfield></datafield><datafield ind1=" " ind2=" " tag="035"><subfield code="a">(IDSSG)001064729HSB01</subfield></datafield><datafield ind1=" " ind2=" " tag="035"><subfield code="a">(IDSBB)007088928DSV01</subfield></datafield><datafield ind1=" " ind2=" " tag="035"><subfield code="a">(RERO)R008959832-41slsp</subfield></datafield><datafield ind1=" " ind2=" " tag="035"><subfield code="a">(SBT)000924054SBT01</subfield></datafield><datafield ind1=" " ind2=" " tag="035"><subfield code="a">(OCoLC)1043881356</subfield><subfield code="z">(OCoLC)1043883756</subfield></datafield><datafield ind1=" " ind2=" " tag="035"><subfield code="a">(EXLNZ-41SLSP_NETWORK)991087578649705501</subfield></datafield><datafield ind1=" " ind2=" " tag="040"><subfield code="a">DLC</subfield><subfield code="b">ger</subfield><subfield code="e">rda</subfield><subfield code="d">CH-ZuSLS UBS A125</subfield></datafield><datafield ind1="0" ind2=" " tag="041"><subfield code="a">eng</subfield></datafield><datafield ind1=" " ind2=" " tag="042"><subfield code="a">pcc</subfield></datafield><datafield ind1="0" ind2="0" tag="050"><subfield code="a">HB139</subfield><subfield code="b">.F757 2018</subfield></datafield><datafield ind1=" " ind2="7" tag="072"><subfield code="a">172</subfield><subfield code="2">IDS LU</subfield></datafield><datafield ind1=" " ind2="7" tag="072"><subfield code="a">ma</subfield><subfield code="2">rero</subfield></datafield><datafield ind1=" " ind2="7" tag="072"><subfield code="a">se</subfield><subfield code="2">rero</subfield></datafield><datafield ind1="0" ind2="0" tag="082"><subfield code="a">330.01/5195</subfield><subfield code="2">23</subfield></datafield><datafield ind1="1" ind2="4" tag="082"><subfield code="a">330</subfield><subfield code="2">15</subfield></datafield><datafield ind1="7" ind2="4" tag="082"><subfield code="a">330</subfield><subfield code="2">23sdnb</subfield></datafield><datafield ind1=" " ind2=" " tag="084"><subfield code="a">QH 300</subfield><subfield code="2">rvk</subfield></datafield><datafield ind1="1" ind2=" " tag="100"><subfield code="a">Fröhlich, Markus</subfield><subfield code="0">(DE-588)1062372018</subfield><subfield code="e">Verfasser</subfield><subfield code="4">aut</subfield></datafield><datafield ind1="1" ind2="0" tag="245"><subfield code="a">Impact evaluation, treatment effects and causal analysis</subfield><subfield code="c">Markus Fröhlich (Universität Mannheim, Center for Evaluation and Development), Stefan Sperlich (University of Geneva)</subfield></datafield><datafield ind1=" " ind2="1" tag="264"><subfield code="a">New York</subfield><subfield code="b">Cambridge University Press</subfield><subfield code="c">[2020]</subfield></datafield><datafield ind1=" " ind2=" " tag="300"><subfield code="a">xii, 417 Seiten</subfield></datafield><datafield ind1=" " ind2=" " tag="336"><subfield code="b">txt</subfield><subfield code="2">rdacontent</subfield></datafield><datafield ind1=" " ind2=" " tag="337"><subfield code="b">n</subfield><subfield code="2">rdamedia</subfield></datafield><datafield ind1=" " ind2=" " tag="338"><subfield code="b">nc</subfield><subfield code="2">rdacarrier</subfield></datafield><datafield ind1=" " ind2=" " tag="504"><subfield code="a">Includes bibliographical references and index</subfield></datafield><datafield ind1=" " ind2=" " tag="504"><subfield code="a">Bibliografia: p. 399-414</subfield></datafield><datafield ind1="0" ind2=" " tag="505"><subfield code="a">1. Basic Definitions, Assumptions, and Randomised Experiments ; 2. An Introduction to Nonparametric Identification and Estimation ; 3. Selection on Observables: Matching, Regression and Propensity Score Estimators ; 4. Selection on Unobservables: Nonparametric IV and Structural Equation Approaches ; 5. Difference-in-Differences Estimation: Selection on Observables and Unobservables ; 6. Regression Discontinuity Design ; 7. Distributional Policy Analysis and Quantile Treatment Effects ; 8. Dynamic Treatment Evaluation</subfield></datafield><datafield ind1="8" ind2=" " tag="520"><subfield code="a">&quot;This book on advanced econometrics is intended to familiarise the reader with technical developments in the area of econometric which is known under the label treatment e ect estimation, or impact or policy evaluation. In this book we have tried to combine the intuitive reasoning for identi cation and estimation with the econometric and statistical rigorousness. This holds especially for the complete list of stochastic assumptions and their implications in practise. Moreover, for both, identi cation and estimation we focus mostly on nonparametric methods (i.e. our methods are not based on speci c pre-speci ed models or functional forms) in order to provide methods that are quite generally valid. Graphs and a number examples of evaluation studies are applied to explain how sources of exogenous variation can be explored for disentangling causality from correlation&quot; -- Provided by publisher</subfield></datafield><datafield ind1=" " ind2=" " tag="520"><subfield code="a">In recent years, interest in rigorous impact evaluation has grown tremendously in policy-making, economics, public health, social sciences and international relations. Evidence-based policy-making has become a recurring theme in public policy, alongside greater demands for accountability in public policies and public spending, and requests for independent and rigorous impact evaluations for policy evidence. Frölich and Sperlich offer a comprehensive and up-to-date approach to quantitative impact evaluation analysis, also known as causal inference or treatment effect analysis, illustrating the main approaches for identification and estimation: experimental studies, randomization inference and randomized control trials (RCTs), matching and propensity score matching and weighting, instrumental variable estimation, difference-in-differences, regression discontinuity designs, quantile treatment effects, and evaluation of dynamic treatments. The book is designed for economics graduate courses but can also serve as a manual for professionals in research institutes, governments, and international organizations, evaluating the impact of a wide range of public policies in health, environment, transport and economic development.</subfield><subfield code="5">SBT/26.06.2019/BUL/CC</subfield></datafield><datafield ind1=" " ind2="7" tag="650"><subfield code="a">Wirtschaftspolitik</subfield><subfield code="0">(DE-588)4066493-4</subfield><subfield code="2">gnd</subfield></datafield><datafield ind1=" " ind2="7" tag="650"><subfield code="a">Bewertung</subfield><subfield code="0">(DE-588)4006340-9</subfield><subfield code="2">gnd</subfield></datafield><datafield ind1=" " ind2="7" tag="650"><subfield code="a">Wirtschaftstheorie</subfield><subfield code="0">(DE-588)4079351-5</subfield><subfield code="2">gnd</subfield></datafield><datafield ind1=" " ind2="7" tag="650"><subfield code="a">Ökonometrie</subfield><subfield code="0">(DE-588)4132280-0</subfield><subfield code="2">gnd</subfield></datafield><datafield ind1=" " ind2="7" tag="650"><subfield code="a">Schätztheorie</subfield><subfield code="0">(DE-588)4121608-8</subfield><subfield code="2">gnd</subfield></datafield><datafield ind1=" " ind2="7" tag="650"><subfield code="a">Forschungsmethode</subfield><subfield code="0">(DE-588)4155046-8</subfield><subfield code="2">gnd</subfield></datafield><datafield ind1=" " ind2="7" tag="650"><subfield code="a">Kausalanalyse</subfield><subfield code="0">(DE-588)4163511-5</subfield><subfield code="2">gnd</subfield></datafield><datafield ind1=" " ind2="7" tag="650"><subfield code="a">Wirkungsanalyse</subfield><subfield code="0">(DE-588)4224214-9</subfield><subfield code="2">gnd</subfield></datafield><datafield ind1=" " ind2="7" tag="650"><subfield code="a">Politikfeldanalyse</subfield><subfield code="0">(DE-588)4136709-1</subfield><subfield code="2">gnd</subfield></datafield><datafield ind1=" " ind2="4" tag="650"><subfield code="a">ökonometrisches modell</subfield></datafield><datafield ind1=" " ind2="7" tag="650"><subfield code="a">Wirtschaftsentwicklung</subfield><subfield code="0">(DE-588)4066438-7</subfield><subfield code="2">gnd</subfield></datafield><datafield ind1=" " ind2="0" tag="650"><subfield code="a">Econometrics</subfield></datafield><datafield ind1=" " ind2="0" tag="650"><subfield code="a">Evaluation research (Social action programs)</subfield></datafield><datafield ind1=" " ind2="0" tag="650"><subfield code="a">Estimation theory</subfield></datafield><datafield ind1=" " ind2="7" tag="650"><subfield code="a">Inférence</subfield><subfield code="0">(IDREF)027276309</subfield><subfield code="2">idref</subfield></datafield><datafield ind1=" " ind2="7" tag="650"><subfield code="a">Estimation de paramètres</subfield><subfield code="0">(IDREF)029477166</subfield><subfield code="2">idref</subfield></datafield><datafield ind1=" " ind2="7" tag="650"><subfield code="a">Économétrie</subfield><subfield code="0">(IDREF)027232751</subfield><subfield code="2">idref</subfield></datafield><datafield ind1=" " ind2=" " tag="691"><subfield code="e">330.015195</subfield><subfield code="a">Econometria</subfield><subfield code="2">usi-TE</subfield></datafield><datafield ind1="1" ind2=" " tag="700"><subfield code="a">Frölich, Markus</subfield><subfield code="d">1973-</subfield><subfield code="0">(DE-588)124443958</subfield><subfield code="e">Verfasser</subfield><subfield code="4">aut</subfield></datafield><datafield ind1="1" ind2=" " tag="700"><subfield code="a">Frölich, Markus</subfield><subfield code="0">(RERO)A006091918</subfield><subfield code="4">aut</subfield></datafield><datafield ind1="1" ind2=" " tag="700"><subfield code="a">Frölich, Markus</subfield></datafield><datafield ind1="1" ind2=" " tag="700"><subfield code="a">Sperlich, Stefan</subfield><subfield code="d">1968-</subfield><subfield code="6">880-02</subfield><subfield code="0">(DE-588)171758900</subfield><subfield code="e">Verfasser</subfield><subfield code="4">aut</subfield></datafield><datafield ind1="1" ind2=" " tag="880"><subfield code="6">700-02</subfield><subfield code="a">Sperlich, Stefan</subfield><subfield code="d">19..-....</subfield><subfield code="0">(IDREF)082028915</subfield><subfield code="4">aut</subfield></datafield><datafield ind1="4" ind2="2" tag="856"><subfield code="3">Inhaltsverzeichnis</subfield><subfield code="q">PDF</subfield><subfield code="u">https://urn.ub.unibe.ch/urn:ch:slsp:9781107616066:ihv:pdf</subfield></datafield><datafield ind1=" " ind2=" " tag="900"><subfield code="a">IDSZ2zbzmon201903f</subfield><subfield code="c">IDSZ2tobt</subfield><subfield code="d">IDSZ2zbzswk201903b</subfield><subfield code="e">IDSZ2stet</subfield></datafield><datafield ind1=" " ind2=" " tag="900"><subfield code="a">REROnoselfmerge</subfield></datafield><datafield ind1=" " ind2=" " tag="900"><subfield code="a">Stoppsignal FRED</subfield><subfield code="x">UBS/A125/202102</subfield></datafield><datafield ind1=" " ind2=" " tag="910"><subfield code="a">OCoLC</subfield><subfield code="b">20190909</subfield><subfield code="c">Réutilisation sous conditions: Licence ODC-BY</subfield></datafield><datafield ind1=" " ind2=" " tag="949"><subfield code="a">https://urn.ub.unibe.ch/urn:ch:slsp:9781107616066:ihv:pdf</subfield></datafield></record>
</metadata></record>