<record><header><identifier>oai:alma.41SLSP_UGE:991000025649705502</identifier><datestamp>2024-05-20T00:45:26Z</datestamp><setSpec>uge_bcen_RapidILL_BOOK</setSpec><setSpec>uge_aaca_RapidILL_BOOK</setSpec><setSpec>uge_abels_RapidILL_BOOK</setSpec><setSpec>uge_dbu_RapidILL_BOOK</setSpec><setSpec>uge_cmu_RapidILL_BOOK</setSpec><setSpec>uge_mail_RapidILL_BOOK</setSpec><setSpec>uge_abbat_RapidILL_BOOK</setSpec><setSpec>UNIGE_ALL</setSpec><setSpec>uge_acar_RapidILL_BOOK</setSpec><setSpec>uge_aobs_RapidILL_BOOK</setSpec></header><metadata>
<record xmlns="http://www.loc.gov/MARC21/slim" xmlns:xsi="http://www.w3.org/2001/XMLSchema-instance" xsi:schemaLocation="http://www.loc.gov/MARC21/slim http://www.loc.gov/standards/marcxml/schema/MARC21slim.xsd"><leader>02671nam a2200601 c 4500</leader><controlfield tag="001">991000025649705502</controlfield><controlfield tag="005">20240308053626.0</controlfield><controlfield tag="008">201011s1977    sz ||||| |||| 00| ||ger d</controlfield><datafield ind1=" " ind2=" " tag="035"><subfield code="a">(swissbib)22518284X-41slsp_network</subfield></datafield><datafield ind1=" " ind2=" " tag="035"><subfield code="a">22518284X</subfield><subfield code="9">ExL</subfield></datafield><datafield ind1=" " ind2=" " tag="035"><subfield code="a">(RERO)0146357-41slsp</subfield></datafield><datafield ind1=" " ind2=" " tag="035"><subfield code="a">(NEBIS)000112557EBI01</subfield></datafield><datafield ind1=" " ind2=" " tag="035"><subfield code="a">(IDSBB)000275856DSV01</subfield></datafield><datafield ind1=" " ind2=" " tag="035"><subfield code="a">(IDSLU)000669351ILU01</subfield></datafield><datafield ind1=" " ind2=" " tag="035"><subfield code="a">(SBT)000501446SBT01</subfield></datafield><datafield ind1=" " ind2=" " tag="035"><subfield code="a">(ABN)000012033ABN01</subfield></datafield><datafield ind1=" " ind2=" " tag="035"><subfield code="a">(EXLNZ-41SLSP_NETWORK)991104532319705501</subfield></datafield><datafield ind1=" " ind2=" " tag="040"><subfield code="a">RERO</subfield><subfield code="d">CH-ZuSLS</subfield></datafield><datafield ind1=" " ind2="7" tag="072"><subfield code="a">ba</subfield><subfield code="2">rero</subfield></datafield><datafield ind1=" " ind2="7" tag="072"><subfield code="a">kh</subfield><subfield code="2">SzZuIDS BS/BE</subfield></datafield><datafield ind1=" " ind2="7" tag="072"><subfield code="a">at</subfield><subfield code="2">rero</subfield></datafield><datafield ind1="1" ind2=" " tag="080"><subfield code="a">7(494)</subfield></datafield><datafield ind1="0" ind2="0" tag="082"><subfield code="a">914.94</subfield></datafield><datafield ind1="1" ind2=" " tag="100"><subfield code="6">880-01</subfield><subfield code="a">Fischer, Rainald</subfield><subfield code="d">1921-1999</subfield><subfield code="0">(IDREF)261835122</subfield><subfield code="4">aut</subfield></datafield><datafield ind1="1" ind2=" " tag="880"><subfield code="a">Fischer, Rainald</subfield><subfield code="d">1921-1999</subfield><subfield code="6">100-01</subfield><subfield code="0">(DE-588)1013612450</subfield></datafield><datafield ind1="1" ind2="0" tag="245"><subfield code="a">Pfarrkirche St. Johannes Bapt. Bernhardzell</subfield><subfield code="c">P. Rainald Fischer, Josef Grünenfelder</subfield></datafield><datafield ind1=" " ind2="1" tag="264"><subfield code="a">Basel</subfield><subfield code="b">Gesellschaft für Schweizerische Kunstgeschichte</subfield><subfield code="c">1977</subfield></datafield><datafield ind1=" " ind2=" " tag="300"><subfield code="a">15 p.</subfield><subfield code="b">fig.</subfield><subfield code="c">20 cm</subfield></datafield><datafield ind1=" " ind2=" " tag="336"><subfield code="b">txt</subfield><subfield code="2">rdacontent</subfield></datafield><datafield ind1=" " ind2=" " tag="337"><subfield code="b">n</subfield><subfield code="2">rdamedia</subfield></datafield><datafield ind1=" " ind2=" " tag="338"><subfield code="b">nc</subfield><subfield code="2">rdacarrier</subfield></datafield><datafield ind1="1" ind2=" " tag="490"><subfield code="a">Schweizerische Kunstführer</subfield><subfield code="v">[201]</subfield></datafield><datafield ind1="1" ind2="7" tag="600"><subfield code="a">Dirr, Franz Anton</subfield><subfield code="d">1724-1801</subfield><subfield code="0">(DE-588)140137548</subfield><subfield code="2">gnd</subfield></datafield><datafield ind1="1" ind2="7" tag="600"><subfield code="a">Hermann, Franz Ludwig</subfield><subfield code="d">1723-1791</subfield><subfield code="0">(DE-588)132406225</subfield><subfield code="2">gnd</subfield></datafield><datafield ind1="1" ind2="7" tag="600"><subfield code="a">Moosbrugger, Peter Anton</subfield><subfield code="d">1732-1806</subfield><subfield code="0">(DE-588)123814308</subfield><subfield code="2">gnd</subfield></datafield><datafield ind1="1" ind2="7" tag="600"><subfield code="a">Müller, Jakob Joseph</subfield><subfield code="d">1729-1801</subfield><subfield code="0">(DE-588)1089396953</subfield><subfield code="2">gnd</subfield></datafield><datafield ind1="2" ind2="0" tag="610"><subfield code="a">Pfarrkirche Sankt Johannes Bapt., Bernhardzell, Switzerland</subfield></datafield><datafield ind1=" " ind2="7" tag="650"><subfield code="a">Églises</subfield><subfield code="0">(IDREF)02726663X</subfield><subfield code="2">idref</subfield></datafield><datafield ind1=" " ind2="0" tag="650"><subfield code="a">Architecture, Baroque</subfield><subfield code="z">Switzerland</subfield><subfield code="z">Bernhardzell</subfield></datafield><datafield ind1=" " ind2="7" tag="650"><subfield code="a">KIRCHEN (ARCHITEKTUR)</subfield><subfield code="9">ger</subfield><subfield code="0">(ETHUDK)000035647</subfield><subfield code="2">ethudk</subfield></datafield><datafield ind1=" " ind2="7" tag="650"><subfield code="a">SCHWEIZ (MITTELEUROPA). SCHWEIZERISCHE EIDGENOSSENSCHAFT</subfield><subfield code="9">ger</subfield><subfield code="0">(ETHUDK)000004571</subfield><subfield code="2">ethudk</subfield></datafield><datafield ind1=" " ind2="7" tag="650"><subfield code="a">Pfarrkirche Sankt Johannes Baptist (Waldkirch ; Svizzera)</subfield><subfield code="2">sbt12</subfield></datafield><datafield ind1=" " ind2="7" tag="651"><subfield code="a">Bernhardzell (Suisse) - Sankt Johannes Baptist</subfield><subfield code="0">(RERO)A010051407</subfield><subfield code="2">rero</subfield></datafield><datafield ind1=" " ind2="7" tag="655"><subfield code="a">Kunstführer</subfield><subfield code="2">gnd-content</subfield></datafield><datafield ind1=" " ind2=" " tag="690"><subfield code="a">Kirchenbau / Einzelne Gebiete und Orte / Europa / Schweiz: Einz.Gebiete und Orte / St.Gallen</subfield><subfield code="2">uzb-Z9</subfield></datafield><datafield ind1=" " ind2=" " tag="690"><subfield code="a">Bernhardzell. Pfarrkirche St. Johannes Bapt.</subfield><subfield code="2">uzb-US</subfield></datafield><datafield ind1=" " ind2=" " tag="690"><subfield code="a">Bernhardzell- Architektur - St. Johannes Baptist</subfield><subfield code="2">ubs-A5</subfield></datafield><datafield ind1="1" ind2=" " tag="700"><subfield code="6">880-02</subfield><subfield code="a">Grünenfelder, Josef</subfield><subfield code="d">1942-....</subfield><subfield code="0">(IDREF)063051982</subfield><subfield code="4">aut</subfield></datafield><datafield ind1="1" ind2=" " tag="880"><subfield code="6">700-02</subfield><subfield code="a">Grünenfelder, Josef</subfield><subfield code="d">1942-</subfield><subfield code="0">(DE-588)124170080</subfield></datafield><datafield ind1=" " ind2="0" tag="830"><subfield code="a">Schweizerische Kunstführer</subfield><subfield code="v">201</subfield><subfield code="w">(IDSBB)000033435DSV01</subfield></datafield><datafield ind1=" " ind2="0" tag="830"><subfield code="a">Guide di monumenti svizzeri</subfield><subfield code="w">(SBT)000000604SBT01</subfield></datafield><datafield ind1=" " ind2=" " tag="900"><subfield code="a">REROnoselfmerge</subfield></datafield><datafield ind1=" " ind2=" " tag="900"><subfield code="a">IDSERMedeaSIK</subfield></datafield><datafield ind1=" " ind2=" " tag="900"><subfield code="a">IDSBBnoselfmerge</subfield></datafield><datafield ind1=" " ind2=" " tag="993"><subfield code="a">BFLA 78572/201</subfield><subfield code="x">ge/ulha/a/89</subfield><subfield code="9">LOCAL</subfield></datafield></record>
</metadata></record>