<record><header><identifier>oai:alma.41SLSP_UGE:991000024839705502</identifier><datestamp>2024-10-05T00:08:06Z</datestamp><setSpec>uge_bcen_RapidILL_BOOK</setSpec><setSpec>uge_aaca_RapidILL_BOOK</setSpec><setSpec>uge_abels_RapidILL_BOOK</setSpec><setSpec>uge_dbu_RapidILL_BOOK</setSpec><setSpec>uge_cmu_RapidILL_BOOK</setSpec><setSpec>uge_mail_RapidILL_BOOK</setSpec><setSpec>uge_abbat_RapidILL_BOOK</setSpec><setSpec>UNIGE_ALL</setSpec><setSpec>uge_acar_RapidILL_BOOK</setSpec><setSpec>uge_aobs_RapidILL_BOOK</setSpec></header><metadata>
<record xmlns="http://www.loc.gov/MARC21/slim" xmlns:xsi="http://www.w3.org/2001/XMLSchema-instance" xsi:schemaLocation="http://www.loc.gov/MARC21/slim http://www.loc.gov/standards/marcxml/schema/MARC21slim.xsd"><leader>01779nam a2200505 c 4500</leader><controlfield tag="001">991000024839705502</controlfield><controlfield tag="005">20241004194713.0</controlfield><controlfield tag="008">201011s1957    xxk||||| |||| 00| ||eng d</controlfield><datafield ind1=" " ind2=" " tag="010"><subfield code="a">a  57003046</subfield></datafield><datafield ind1=" " ind2=" " tag="015"><subfield code="a">GB5701972</subfield><subfield code="2">bnb</subfield></datafield><datafield ind1="7" ind2=" " tag="016"><subfield code="a">009654403</subfield><subfield code="2">Uk</subfield></datafield><datafield ind1="8" ind2=" " tag="024"><subfield code="a">B5701972</subfield></datafield><datafield ind1=" " ind2=" " tag="035"><subfield code="a">(swissbib)223698598-41slsp_network</subfield></datafield><datafield ind1=" " ind2=" " tag="035"><subfield code="a">223698598</subfield><subfield code="9">ExL</subfield></datafield><datafield ind1=" " ind2=" " tag="035"><subfield code="a">(RERO)0004444-41slsp</subfield></datafield><datafield ind1=" " ind2=" " tag="035"><subfield code="a">(NEBIS)011380006EBI01</subfield></datafield><datafield ind1=" " ind2=" " tag="035"><subfield code="a">(IDSBB)000308265DSV01</subfield></datafield><datafield ind1=" " ind2=" " tag="035"><subfield code="a">(OCoLC)16740229</subfield></datafield><datafield ind1=" " ind2=" " tag="035"><subfield code="a">(EXLNZ-41SLSP_NETWORK)991052134779705501</subfield></datafield><datafield ind1=" " ind2=" " tag="040"><subfield code="a">RERO</subfield><subfield code="d">CH-ZuSLS</subfield></datafield><datafield ind1="0" ind2="0" tag="050"><subfield code="a">PR6007.O88</subfield><subfield code="b">Z67</subfield></datafield><datafield ind1=" " ind2="7" tag="072"><subfield code="a">an</subfield><subfield code="2">rero</subfield></datafield><datafield ind1=" " ind2="7" tag="072"><subfield code="a">an</subfield><subfield code="2">SzZuIDS BS/BE</subfield></datafield><datafield ind1=" " ind2=" " tag="080"><subfield code="a">823</subfield></datafield><datafield ind1="0" ind2="0" tag="082"><subfield code="a">928.2</subfield></datafield><datafield ind1="1" ind2=" " tag="100"><subfield code="a">Greenlees, Ian</subfield><subfield code="0">(IDREF)130963062</subfield><subfield code="4">cre</subfield></datafield><datafield ind1="1" ind2="0" tag="245"><subfield code="a">Norman Douglas</subfield><subfield code="c">by Ian Greenlees</subfield></datafield><datafield ind1=" " ind2="1" tag="264"><subfield code="a">London</subfield><subfield code="a">New York</subfield><subfield code="a">[etc.]</subfield><subfield code="b">Longmans Green</subfield><subfield code="c">1957</subfield></datafield><datafield ind1=" " ind2=" " tag="300"><subfield code="a">38 pages</subfield><subfield code="b">portrait</subfield><subfield code="c">22 cm</subfield></datafield><datafield ind1=" " ind2=" " tag="336"><subfield code="b">txt</subfield><subfield code="2">rdacontent</subfield></datafield><datafield ind1=" " ind2=" " tag="337"><subfield code="b">n</subfield><subfield code="2">rdamedia</subfield></datafield><datafield ind1=" " ind2=" " tag="338"><subfield code="b">nc</subfield><subfield code="2">rdacarrier</subfield></datafield><datafield ind1="1" ind2=" " tag="490"><subfield code="a">Writers and their work</subfield><subfield code="v">no. 82</subfield></datafield><datafield ind1="1" ind2=" " tag="490"><subfield code="a">Bibliographical series of Supplements to &quot;British book news&quot; on writers and their work</subfield><subfield code="v">82</subfield></datafield><datafield ind1=" " ind2=" " tag="504"><subfield code="a">Includes bibliographical references (pages 35-38)</subfield></datafield><datafield ind1="1" ind2="7" tag="600"><subfield code="a">Douglas, Norman</subfield><subfield code="0">(RERO)A010075331</subfield><subfield code="2">rero</subfield></datafield><datafield ind1="1" ind2="7" tag="600"><subfield code="a">Douglas, Norman</subfield><subfield code="2">swd</subfield></datafield><datafield ind1="1" ind2="7" tag="600"><subfield code="a">Douglas, Norman</subfield><subfield code="d">1868-1952</subfield><subfield code="0">(DE-588)118527088</subfield><subfield code="2">gnd</subfield></datafield><datafield ind1="1" ind2="0" tag="600"><subfield code="a">Douglas, Norman</subfield><subfield code="d">1868-1952</subfield></datafield><datafield ind1="1" ind2="6" tag="600"><subfield code="a">Douglas, Norman</subfield><subfield code="d">1868-1952</subfield></datafield><datafield ind1="1" ind2="7" tag="600"><subfield code="a">Douglas, Norman</subfield><subfield code="d">1868-1952</subfield><subfield code="2">fast</subfield></datafield><datafield ind1="1" ind2="7" tag="600"><subfield code="a">Douglas, Norman</subfield><subfield code="d">1868-1952</subfield><subfield code="2">ram</subfield></datafield><datafield ind1=" " ind2="0" tag="830"><subfield code="a">Writers and their work</subfield><subfield code="v">82</subfield><subfield code="w">(IDSBB)000396107DSV01</subfield></datafield><datafield ind1=" " ind2="0" tag="830"><subfield code="a">Bibliographical series of Supplements to &quot;British book news&quot; on writers and their work</subfield><subfield code="v">82</subfield><subfield code="w">(NEBIS)000063082EBI01</subfield></datafield><datafield ind1=" " ind2=" " tag="900"><subfield code="a">REROnoselfmerge</subfield></datafield><datafield ind1=" " ind2=" " tag="900"><subfield code="a">IDSZ2esmon201903r</subfield><subfield code="c">IDSZ2lang</subfield></datafield></record>
</metadata></record>