<record><header><identifier>oai:alma.41SLSP_UGE:991000025049705502</identifier><datestamp>2023-06-26T00:14:20Z</datestamp><setSpec>UNIGE_ALL</setSpec></header><metadata>
<record xmlns="http://www.loc.gov/MARC21/slim" xmlns:xsi="http://www.w3.org/2001/XMLSchema-instance" xsi:schemaLocation="http://www.loc.gov/MARC21/slim http://www.loc.gov/standards/marcxml/schema/MARC21slim.xsd"><leader>02771ngm a22005537c 4500</leader><controlfield tag="001">991000025049705502</controlfield><controlfield tag="005">20230625173257.0</controlfield><controlfield tag="007">vd#|v||||</controlfield><controlfield tag="008">201011s2004    fr ||| |          v|fre d</controlfield><datafield ind1="5" ind2="2" tag="028"><subfield code="a">450910</subfield></datafield><datafield ind1=" " ind2=" " tag="035"><subfield code="a">(swissbib)214522121-41slsp_network</subfield></datafield><datafield ind1=" " ind2=" " tag="035"><subfield code="a">214522121</subfield><subfield code="9">ExL</subfield></datafield><datafield ind1=" " ind2=" " tag="035"><subfield code="a">(RERO)R003719797-41slsp</subfield></datafield><datafield ind1=" " ind2=" " tag="035"><subfield code="a">(RERO)R006159758-41slsp</subfield></datafield><datafield ind1=" " ind2=" " tag="035"><subfield code="a">(EXLNZ-41SLSP_NETWORK)991032827689705501</subfield></datafield><datafield ind1=" " ind2=" " tag="040"><subfield code="a">RERO vsbcvs</subfield><subfield code="d">CH-ZuSLS</subfield></datafield><datafield ind1="1" ind2=" " tag="041"><subfield code="a">eng</subfield><subfield code="a">fre</subfield><subfield code="h">eng</subfield></datafield><datafield ind1=" " ind2="7" tag="072"><subfield code="a">ba</subfield><subfield code="2">rero</subfield></datafield><datafield ind1="1" ind2=" " tag="080"><subfield code="a">DVDF 2003</subfield></datafield><datafield ind1="0" ind2="0" tag="245"><subfield code="a">&lt;&lt;La&gt;&gt; jeune fille à la perle</subfield><subfield code="c">réal. par Peter Webber ; scénario de Olivia Hetreed ; d'après le roman de Tracy Chevalier ; compositeur Alexandre Desplat ; prod. par Andy Paterson, Anand Tucker</subfield></datafield><datafield ind1="1" ind2=" " tag="246"><subfield code="a">Girl with a pearl earring</subfield></datafield><datafield ind1=" " ind2="1" tag="264"><subfield code="a">[Paris]</subfield><subfield code="b">Pathé Vidéo</subfield><subfield code="c">[2004]</subfield></datafield><datafield ind1=" " ind2="4" tag="264"><subfield code="c">© 2004</subfield></datafield><datafield ind1=" " ind2=" " tag="300"><subfield code="a">1 DVD vidéo</subfield><subfield code="b">couleur PAL</subfield></datafield><datafield ind1=" " ind2=" " tag="336"><subfield code="b">tdi</subfield><subfield code="2">rdacontent</subfield></datafield><datafield ind1=" " ind2=" " tag="337"><subfield code="b">v</subfield><subfield code="2">rdamedia</subfield></datafield><datafield ind1=" " ind2=" " tag="338"><subfield code="b">vd</subfield><subfield code="2">rdacarrier</subfield></datafield><datafield ind1=" " ind2=" " tag="385"><subfield code="a">Enfants (9-12 ans)</subfield><subfield code="2">rero</subfield></datafield><datafield ind1=" " ind2=" " tag="385"><subfield code="a">Dès 10 ans</subfield><subfield code="2">rero</subfield></datafield><datafield ind1=" " ind2=" " tag="500"><subfield code="a">Titre original: Girl with a pearl earring</subfield></datafield><datafield ind1=" " ind2=" " tag="500"><subfield code="a">Durée du film: ca 96 min.</subfield></datafield><datafield ind1=" " ind2=" " tag="500"><subfield code="a">Ecran 16/9 compatible 4/3 - format 2.35</subfield></datafield><datafield ind1=" " ind2=" " tag="500"><subfield code="a">Choix de langues: Anglais, français. Sous-titre: Français</subfield></datafield><datafield ind1=" " ind2=" " tag="500"><subfield code="a">Une prod.: Archer Street, cop. 2003</subfield></datafield><datafield ind1=" " ind2=" " tag="500"><subfield code="a">Données vidéo</subfield></datafield><datafield ind1=" " ind2=" " tag="500"><subfield code="a">Zone 2</subfield></datafield><datafield ind1=" " ind2=" " tag="500"><subfield code="a">Dialogue en anglais, français. Sous-titres en français</subfield></datafield><datafield ind1="0" ind2=" " tag="511"><subfield code="a">Colin Firth ; Scarlett Johansson ; Tom Wilkinson ; Judy Parfitt ; Cillian Murphy ; Essie Davis ; Joanna Scanlan... et al</subfield></datafield><datafield ind1="8" ind2=" " tag="520"><subfield code="a">Delft, XVIIe siècle, l'âge d'or de la peinture hollandaise. La jeune et ravissante Griet est engagée comme servante dans la maison du peintre Vermeer. Elle s'occupe du ménage et des six enfants de Vermeer en s'efforçant d'amadouer l'épouse, la belle-mère et la gouvernante, chacune très jalouse de ses prérogatives. Au fil du temps, la douceur, la sensibilité et la vivacité de la jeune fille émeuvent le maître qui l'introduit dans son univers. A mesure que s'affirme leur intimité, le scandale se propage dans la ville</subfield><subfield code="5">RERO/njhep-/09.2011</subfield></datafield><datafield ind1=" " ind2="7" tag="655"><subfield code="a">Films dramatiques</subfield><subfield code="0">(IDREF)077067622</subfield><subfield code="2">idref</subfield></datafield><datafield ind1=" " ind2="7" tag="655"><subfield code="a">Films d'amour</subfield><subfield code="0">(IDREF)078973651</subfield><subfield code="2">idref</subfield></datafield><datafield ind1=" " ind2="7" tag="655"><subfield code="a">Films biographiques</subfield><subfield code="0">(IDREF)027508226</subfield><subfield code="2">idref</subfield></datafield><datafield ind1=" " ind2="7" tag="655"><subfield code="a">DVD</subfield><subfield code="0">(IDREF)035108444</subfield><subfield code="2">idref</subfield></datafield><datafield ind1=" " ind2="7" tag="655"><subfield code="a">Films de fiction</subfield><subfield code="0">(IDREF)14779644X</subfield><subfield code="2">idref</subfield></datafield><datafield ind1="1" ind2=" " tag="700"><subfield code="a">Paterson, Andy</subfield><subfield code="d">1960-....</subfield><subfield code="0">(IDREF)241321913</subfield><subfield code="4">pro</subfield></datafield><datafield ind1="1" ind2=" " tag="700"><subfield code="a">Desplat, Alexandre</subfield><subfield code="d">1961-....</subfield><subfield code="0">(IDREF)081715218</subfield><subfield code="4">cmp</subfield></datafield><datafield ind1="1" ind2=" " tag="700"><subfield code="a">Hetreed, Olivia</subfield><subfield code="0">(IDREF)094284113</subfield><subfield code="4">aut</subfield></datafield><datafield ind1="1" ind2="2" tag="700"><subfield code="a">Chevalier, Tracy</subfield><subfield code="d">1962-</subfield><subfield code="t">Girl with a pearl earring</subfield></datafield><datafield ind1="1" ind2=" " tag="700"><subfield code="a">Webber, Peter</subfield><subfield code="0">(RERO)A011058445</subfield><subfield code="4">drt</subfield></datafield><datafield ind1="1" ind2=" " tag="700"><subfield code="a">Chevalier, Tracy</subfield><subfield code="d">1962-....</subfield><subfield code="0">(IDREF)034408525</subfield></datafield></record>
</metadata></record>