<record><header><identifier>oai:alma.41SLSP_UGE:991000025149705502</identifier><datestamp>2024-10-20T00:10:00Z</datestamp><setSpec>uge_bcen_RapidILL_BOOK</setSpec><setSpec>uge_aaca_RapidILL_BOOK</setSpec><setSpec>uge_abels_RapidILL_BOOK</setSpec><setSpec>uge_dbu_RapidILL_BOOK</setSpec><setSpec>uge_cmu_RapidILL_BOOK</setSpec><setSpec>uge_mail_RapidILL_BOOK</setSpec><setSpec>uge_abbat_RapidILL_BOOK</setSpec><setSpec>UNIGE_ALL</setSpec><setSpec>uge_acar_RapidILL_BOOK</setSpec><setSpec>uge_aobs_RapidILL_BOOK</setSpec></header><metadata>
<record xmlns="http://www.loc.gov/MARC21/slim" xmlns:xsi="http://www.w3.org/2001/XMLSchema-instance" xsi:schemaLocation="http://www.loc.gov/MARC21/slim http://www.loc.gov/standards/marcxml/schema/MARC21slim.xsd"><leader>03641nam a2200865 c 4500</leader><controlfield tag="001">991000025149705502</controlfield><controlfield tag="005">20240919163645.0</controlfield><controlfield tag="008">201011t19861986gw ||||| |||| 00| ||ger d</controlfield><datafield ind1=" " ind2=" " tag="020"><subfield code="a">3805308868</subfield></datafield><datafield ind1=" " ind2=" " tag="035"><subfield code="a">(swissbib)220039593-41slsp_network</subfield></datafield><datafield ind1=" " ind2=" " tag="035"><subfield code="a">220039593</subfield><subfield code="9">ExL</subfield></datafield><datafield ind1=" " ind2=" " tag="035"><subfield code="a">(RERO)0778823-41slsp</subfield></datafield><datafield ind1=" " ind2=" " tag="035"><subfield code="a">(NEBIS)000638706EBI01</subfield></datafield><datafield ind1=" " ind2=" " tag="035"><subfield code="a">(IDSBB)000245342DSV01</subfield></datafield><datafield ind1=" " ind2=" " tag="035"><subfield code="a">(IDSLU)000024812ILU01</subfield></datafield><datafield ind1=" " ind2=" " tag="035"><subfield code="a">(EXLNZ-41SLSP_NETWORK)991102266429705501</subfield></datafield><datafield ind1=" " ind2=" " tag="040"><subfield code="a">RERO labcud</subfield><subfield code="d">CH-ZuSLS</subfield></datafield><datafield ind1=" " ind2="7" tag="072"><subfield code="a">ha</subfield><subfield code="2">rero</subfield></datafield><datafield ind1=" " ind2="7" tag="072"><subfield code="a">ar</subfield><subfield code="2">rero</subfield></datafield><datafield ind1=" " ind2="7" tag="072"><subfield code="a">ag</subfield><subfield code="2">SzZuIDS BS/BE</subfield></datafield><datafield ind1=" " ind2="7" tag="072"><subfield code="a">ka</subfield><subfield code="2">SzZuIDS BS/BE</subfield></datafield><datafield ind1=" " ind2="7" tag="072"><subfield code="a">210</subfield><subfield code="2">IDS LU</subfield></datafield><datafield ind1="1" ind2=" " tag="080"><subfield code="a">937:355</subfield></datafield><datafield ind1="0" ind2="4" tag="082"><subfield code="a">355/.00937</subfield><subfield code="2">19</subfield></datafield><datafield ind1="0" ind2="4" tag="082"><subfield code="a">355.2230937</subfield></datafield><datafield ind1="1" ind2="4" tag="082"><subfield code="a">930</subfield><subfield code="2">15</subfield></datafield><datafield ind1="1" ind2="4" tag="082"><subfield code="a">937.07</subfield></datafield><datafield ind1=" " ind2=" " tag="084"><subfield code="a">NG 1500</subfield><subfield code="2">rvk</subfield></datafield><datafield ind1=" " ind2=" " tag="084"><subfield code="a">NH 8600</subfield><subfield code="2">rvk</subfield></datafield><datafield ind1="1" ind2=" " tag="100"><subfield code="6">880-01</subfield><subfield code="a">Junkelmann, Marcus</subfield><subfield code="d">1949-</subfield><subfield code="0">(DE-588)115772804</subfield></datafield><datafield ind1="1" ind2=" " tag="880"><subfield code="6">100-01</subfield><subfield code="a">Junkelmann, Marcus</subfield><subfield code="d">1949-....</subfield><subfield code="0">(IDREF)028541162</subfield><subfield code="4">cre</subfield></datafield><datafield ind1="1" ind2="0" tag="245"><subfield code="a">&lt;&lt;Die&gt;&gt; Legionen des Augustus</subfield><subfield code="b">der römische Soldat im archäologischen Experiment</subfield><subfield code="c">Marcus Junkelmann</subfield></datafield><datafield ind1=" " ind2="1" tag="264"><subfield code="a">Mainz am Rhein</subfield><subfield code="b">P. von Zabern</subfield><subfield code="c">[1986]</subfield></datafield><datafield ind1=" " ind2="4" tag="264"><subfield code="c">© 1986</subfield></datafield><datafield ind1=" " ind2=" " tag="300"><subfield code="a">313 S., 80 S.Taf.</subfield><subfield code="b">Ill., Tab., Karten</subfield><subfield code="c">26 cm</subfield></datafield><datafield ind1=" " ind2=" " tag="336"><subfield code="b">txt</subfield><subfield code="2">rdacontent</subfield></datafield><datafield ind1=" " ind2=" " tag="337"><subfield code="b">n</subfield><subfield code="2">rdamedia</subfield></datafield><datafield ind1=" " ind2=" " tag="338"><subfield code="b">nc</subfield><subfield code="2">rdacarrier</subfield></datafield><datafield ind1="1" ind2=" " tag="490"><subfield code="a">Kulturgeschichte der antiken Welt</subfield><subfield code="v">[Bd. 33]</subfield></datafield><datafield ind1=" " ind2=" " tag="500"><subfield code="a">Sammlungnummer auf dem Buch : 35</subfield></datafield><datafield ind1="0" ind2="7" tag="600"><subfield code="a">Augustus</subfield><subfield code="c">Römisches Reich, Kaiser</subfield><subfield code="d">v63-14</subfield><subfield code="0">(DE-588)118505122</subfield><subfield code="2">gnd</subfield></datafield><datafield ind1="2" ind2="7" tag="610"><subfield code="a">Rome</subfield><subfield code="b">Armée</subfield><subfield code="0">(IDREF)027275086</subfield><subfield code="2">idref</subfield></datafield><datafield ind1=" " ind2="7" tag="648"><subfield code="a">Geschichte 27 v. Chr.-14</subfield><subfield code="2">gnd</subfield></datafield><datafield ind1=" " ind2="7" tag="648"><subfield code="a">Geschichte 30 v. Chr.-14</subfield><subfield code="2">gnd</subfield></datafield><datafield ind1=" " ind2="7" tag="650"><subfield code="a">Armes romaines</subfield><subfield code="0">(IDREF)077062752</subfield><subfield code="2">idref</subfield></datafield><datafield ind1=" " ind2="7" tag="650"><subfield code="a">Armures romaines</subfield><subfield code="0">(IDREF)035648023</subfield><subfield code="2">idref</subfield></datafield><datafield ind1=" " ind2="7" tag="650"><subfield code="a">Archäologie</subfield><subfield code="0">(DE-588)4002827-6</subfield><subfield code="2">gnd</subfield></datafield><datafield ind1=" " ind2="7" tag="650"><subfield code="a">Experiment</subfield><subfield code="0">(DE-588)4015999-1</subfield><subfield code="2">gnd</subfield></datafield><datafield ind1=" " ind2="7" tag="650"><subfield code="a">Heer</subfield><subfield code="0">(DE-588)4132034-7</subfield><subfield code="2">gnd</subfield></datafield><datafield ind1=" " ind2="7" tag="650"><subfield code="a">Legion</subfield><subfield code="0">(DE-588)4167131-4</subfield><subfield code="2">gnd</subfield></datafield><datafield ind1=" " ind2="7" tag="650"><subfield code="a">Militär</subfield><subfield code="0">(DE-588)4039305-7</subfield><subfield code="2">gnd</subfield></datafield><datafield ind1=" " ind2="7" tag="650"><subfield code="a">Römerzeit</subfield><subfield code="0">(DE-588)4076769-3</subfield><subfield code="2">gnd</subfield></datafield><datafield ind1=" " ind2="7" tag="650"><subfield code="a">Soldat</subfield><subfield code="0">(DE-588)4055409-0</subfield><subfield code="2">gnd</subfield></datafield><datafield ind1=" " ind2="0" tag="650"><subfield code="a">Historical models</subfield></datafield><datafield ind1=" " ind2="7" tag="650"><subfield code="a">ARCHÄOLOGISCHE FELDARBEIT + ARCHÄOLOGISCHE FUNDORTE</subfield><subfield code="9">ger</subfield><subfield code="0">(ETHUDK)000036557</subfield><subfield code="2">ethudk</subfield></datafield><datafield ind1=" " ind2="7" tag="650"><subfield code="a">EXPERIMENTELLE ARCHAEOLOGIE + ARCHAEOLOGISCHE REKONSTRUKTION</subfield><subfield code="9">ger</subfield><subfield code="0">(ETHUDK)000048534</subfield><subfield code="2">ethudk</subfield></datafield><datafield ind1=" " ind2="7" tag="650"><subfield code="a">ITALIA. ROMA, ANTIKES ROM UND ANTIKES ITALIEN (ORTE DES ALTERTUMS)</subfield><subfield code="9">ger</subfield><subfield code="0">(ETHUDK)000001539</subfield><subfield code="2">ethudk</subfield></datafield><datafield ind1=" " ind2="7" tag="650"><subfield code="a">MILITÄRGESCHICHTE + KRIEGSGESCHICHTE</subfield><subfield code="9">ger</subfield><subfield code="0">(ETHUDK)000011813</subfield><subfield code="2">ethudk</subfield></datafield><datafield ind1=" " ind2="7" tag="650"><subfield code="a">MILITÄRISCHE FORSCHUNG</subfield><subfield code="9">ger</subfield><subfield code="0">(ETHUDK)000043309</subfield><subfield code="2">ethudk</subfield></datafield><datafield ind1=" " ind2="7" tag="650"><subfield code="a">REGIMENT + LEGION (MILITÄRISCHE ORGANISATION)</subfield><subfield code="9">ger</subfield><subfield code="0">(ETHUDK)000011770</subfield><subfield code="2">ethudk</subfield></datafield><datafield ind1=" " ind2="7" tag="650"><subfield code="a">Waffe</subfield><subfield code="z">Römer</subfield><subfield code="2">idsbb</subfield></datafield><datafield ind1=" " ind2="7" tag="650"><subfield code="a">Soldat</subfield><subfield code="z">Römer</subfield><subfield code="2">idsbb</subfield></datafield><datafield ind1=" " ind2="7" tag="650"><subfield code="a">Militär</subfield><subfield code="z">Römer</subfield><subfield code="2">idsbb</subfield></datafield><datafield ind1=" " ind2="7" tag="651"><subfield code="a">Alpen</subfield><subfield code="0">(DE-588)4001328-5</subfield><subfield code="2">gnd</subfield></datafield><datafield ind1=" " ind2="7" tag="651"><subfield code="a">Römisches Reich</subfield><subfield code="0">(DE-588)4076778-4</subfield><subfield code="2">gnd</subfield></datafield><datafield ind1=" " ind2="0" tag="651"><subfield code="a">Rome</subfield><subfield code="x">Army</subfield></datafield><datafield ind1=" " ind2="0" tag="651"><subfield code="a">Rome</subfield><subfield code="x">History, Military</subfield><subfield code="y">30 B.C.-476 A.D</subfield></datafield><datafield ind1=" " ind2="0" tag="651"><subfield code="a">Rome</subfield><subfield code="x">Military antiquities</subfield></datafield><datafield ind1=" " ind2=" " tag="690"><subfield code="a">Römer / Militär / 1900- ersch.</subfield><subfield code="2">uzb-Z9</subfield></datafield><datafield ind1=" " ind2=" " tag="690"><subfield code="a">Militärwesen. Rom-Reich. Geschichte. Altertum</subfield><subfield code="2">rzs-L1</subfield></datafield><datafield ind1=" " ind2=" " tag="690"><subfield code="a">Altertumskunde, klassisch-römische, B: Rekonstruktion: Militärwesen</subfield><subfield code="2">rzs-L1</subfield></datafield><datafield ind1=" " ind2="7" tag="651"><subfield code="a">Rome</subfield><subfield code="y">30 av. J.-C.-14 (Auguste)</subfield><subfield code="0">(IDREF)027368386</subfield><subfield code="2">idref</subfield></datafield><datafield ind1=" " ind2="0" tag="830"><subfield code="a">Kulturgeschichte der antiken Welt</subfield><subfield code="v">33</subfield><subfield code="w">(NEBIS)000065648EBI01</subfield></datafield><datafield ind1=" " ind2="0" tag="830"><subfield code="a">Kulturgeschichte der antiken Welt</subfield><subfield code="v">33</subfield><subfield code="w">(IDSLU)000133986ILU01</subfield></datafield><datafield ind1=" " ind2="0" tag="830"><subfield code="a">Kulturgeschichte der antiken Welt</subfield><subfield code="v">33</subfield><subfield code="w">(IDSBB)000005451DSV01</subfield></datafield><datafield ind1=" " ind2=" " tag="900"><subfield code="a">IDSU2remark</subfield><subfield code="f">IDSU2medea</subfield></datafield></record>
</metadata></record>