<record><header><identifier>oai:alma.41SLSP_UGE:991000025559705502</identifier><datestamp>2024-10-05T00:08:35Z</datestamp><setSpec>uge_bcen_RapidILL_BOOK</setSpec><setSpec>uge_aaca_RapidILL_BOOK</setSpec><setSpec>uge_abels_RapidILL_BOOK</setSpec><setSpec>uge_dbu_RapidILL_BOOK</setSpec><setSpec>uge_cmu_RapidILL_BOOK</setSpec><setSpec>uge_mail_RapidILL_BOOK</setSpec><setSpec>uge_abbat_RapidILL_BOOK</setSpec><setSpec>UNIGE_ALL</setSpec><setSpec>uge_acar_RapidILL_BOOK</setSpec><setSpec>uge_aobs_RapidILL_BOOK</setSpec></header><metadata>
<record xmlns="http://www.loc.gov/MARC21/slim" xmlns:xsi="http://www.w3.org/2001/XMLSchema-instance" xsi:schemaLocation="http://www.loc.gov/MARC21/slim http://www.loc.gov/standards/marcxml/schema/MARC21slim.xsd"><leader>01649nam a2200433 c 4500</leader><controlfield tag="001">991000025559705502</controlfield><controlfield tag="005">20241004192158.0</controlfield><controlfield tag="008">201011s1982    xxu||||| |||| 00| ||eng d</controlfield><datafield ind1=" " ind2=" " tag="020"><subfield code="a">0892640421</subfield><subfield code="q">pbk.</subfield></datafield><datafield ind1=" " ind2=" " tag="035"><subfield code="a">(swissbib)229909833-41slsp_network</subfield></datafield><datafield ind1=" " ind2=" " tag="035"><subfield code="a">229909833</subfield><subfield code="9">ExL</subfield></datafield><datafield ind1=" " ind2=" " tag="035"><subfield code="a">(RERO)0749269-41slsp</subfield></datafield><datafield ind1=" " ind2=" " tag="035"><subfield code="a">(NEBIS)003231452EBI01</subfield></datafield><datafield ind1=" " ind2=" " tag="035"><subfield code="a">(EXLNZ-41SLSP_NETWORK)991018377849705501</subfield></datafield><datafield ind1=" " ind2=" " tag="040"><subfield code="a">RERO labcud</subfield><subfield code="b">ger</subfield><subfield code="d">CH-ZuSLS</subfield><subfield code="e">rda</subfield></datafield><datafield ind1=" " ind2="7" tag="072"><subfield code="a">or</subfield><subfield code="2">rero</subfield></datafield><datafield ind1=" " ind2="7" tag="072"><subfield code="a">ha</subfield><subfield code="2">rero</subfield></datafield><datafield ind1="0" ind2="4" tag="082"><subfield code="a">781.731</subfield></datafield><datafield ind1="1" ind2=" " tag="100"><subfield code="6">880-01</subfield><subfield code="a">DeWoskin, Kenneth J.</subfield><subfield code="0">(IDREF)071599177</subfield><subfield code="4">cre</subfield></datafield><datafield ind1="1" ind2=" " tag="880"><subfield code="a">DeWoskin, Kenneth</subfield><subfield code="6">100-01/(B</subfield><subfield code="4">aut</subfield><subfield code="0">(DE-588)171776038</subfield></datafield><datafield ind1="1" ind2="0" tag="245"><subfield code="a">&lt;&lt;A&gt;&gt; song for one or two</subfield><subfield code="b">music and the concept of art in early China</subfield><subfield code="c">by Kenneth J. Dewoskin</subfield></datafield><datafield ind1=" " ind2="1" tag="264"><subfield code="a">Ann Arbor</subfield><subfield code="b">Center for Chinese Studies, The University of Michigan</subfield><subfield code="c">1982</subfield></datafield><datafield ind1=" " ind2=" " tag="300"><subfield code="a">ix, 202 Seiten</subfield><subfield code="b">Illustrationen</subfield><subfield code="c">23 cm</subfield></datafield><datafield ind1=" " ind2=" " tag="336"><subfield code="b">txt</subfield><subfield code="2">rdacontent</subfield></datafield><datafield ind1=" " ind2=" " tag="337"><subfield code="b">n</subfield><subfield code="2">rdamedia</subfield></datafield><datafield ind1=" " ind2=" " tag="338"><subfield code="b">nc</subfield><subfield code="2">rdacarrier</subfield></datafield><datafield ind1="1" ind2=" " tag="490"><subfield code="a">Michigan papers in Chinese studies</subfield><subfield code="v">42</subfield></datafield><datafield ind1=" " ind2="7" tag="650"><subfield code="a">Musik</subfield><subfield code="2">gnd</subfield><subfield code="0">(DE-588)4040802-4</subfield></datafield><datafield ind1=" " ind2="7" tag="650"><subfield code="a">Ästhetik</subfield><subfield code="2">gnd</subfield><subfield code="0">(DE-588)4000626-8</subfield></datafield><datafield ind1=" " ind2="7" tag="651"><subfield code="a">China</subfield><subfield code="2">gnd</subfield><subfield code="0">(DE-588)4009937-4</subfield></datafield><datafield ind1=" " ind2="7" tag="650"><subfield code="a">Art chinois</subfield><subfield code="0">(IDREF)050733125</subfield><subfield code="2">idref</subfield></datafield><datafield ind1=" " ind2="7" tag="650"><subfield code="a">Philosophie</subfield><subfield code="0">(IDREF)027295206</subfield><subfield code="2">idref</subfield></datafield><datafield ind1=" " ind2="7" tag="650"><subfield code="a">Musique chinoise</subfield><subfield code="0">(RERO)A027725966</subfield><subfield code="2">rero</subfield></datafield><datafield ind1=" " ind2="0" tag="650"><subfield code="a">Music</subfield><subfield code="x">History and criticism</subfield><subfield code="z">China</subfield></datafield><datafield ind1=" " ind2="0" tag="650"><subfield code="a">Music</subfield><subfield code="x">Philosophy and aesthetics</subfield></datafield><datafield ind1=" " ind2=" " tag="690"><subfield code="a">China / Musik</subfield><subfield code="2">uzb-Z9</subfield></datafield><datafield ind1=" " ind2=" " tag="830"><subfield code="a">Michigan Papers in Chinese Studies</subfield><subfield code="v">42</subfield><subfield code="w">(RERO)0479003-41slsp</subfield></datafield><datafield ind1=" " ind2=" " tag="830"><subfield code="a">Michigan Papers in Chinese Studies</subfield><subfield code="v">42</subfield><subfield code="w">(NEBIS)000060264EBI01</subfield></datafield><datafield ind1=" " ind2=" " tag="900"><subfield code="a">REROnoselfmerge</subfield></datafield><datafield ind1=" " ind2=" " tag="900"><subfield code="a">IDSZRMedeaZBZ</subfield></datafield></record>
</metadata></record>